3574 5486
442 715 499 760 212
862 717 1043 752 -·-—-''—

440 877 586 960 frequens
614 871 793 955 (Moltolzer
816 869 936 942 liuidae
965 871 1206 959 llinigslmyner
1226 875 1345 958 Berge)
1365 877 1452 961 Sept.

442 992 516 1052 Oct.

518 1100 589 1163 618.
621 1101 661 1162 Α.
690 1100 730 1161 R.
759 1097 906 1161 lacteat

440 1211 541 1275 Pileus
561 1230 655 1296 saepe
673 1229 804 1296 prorant
823 1211 930 1274 albuat
951 1209 1006 1272 alii
1027 1223 1130 1273 tamen
1149 1215 1218 1274 vice
1230 1213 1367 1276 viredim
1381 1215 1455 1298 qul·

439 1326 509 1388 dam
530 1325 655 1388 sordidi
675 1326 747 1407 pius
767 1329 869 1387 minua
887 1325 1008 1386 intensi
1027 1323 1167 1400 afflatus,
1189 1325 1271 1388 unde
1292 1328 1455 1408 (praeser-

439 1441 493 1498 tim
523 1459 595 1499 cum
622 1438 762 1498 lamellae
788 1438 870 1498 haud
893 1455 964 1496 raro
986 1439 1077 1496 etiam
1098 1437 1233 1499 lurcame
1253 1441 1333 1519 sint)
1361 1443 1393 1499 in
1415 1440 1451 1502 it.

433 1541 595 1639 jarentoni
615 1549 765 1632 gradatim
792 1551 835 1610 ita
863 1553 988 1625 transit,
1017 1565 1053 1610 ut
1078 1549 1191 1612 limitet
1212 1555 1290 1612 certi
1309 1549 1384 1612 nulli
1403 1551 1452 1610 in·

438 1667 609 1724 veniuntur.
653 1662 757 1744 Sapor
775 1665 869 1726 mitia.
916 1661 955 1724 ln
975 1661 1069 1746 aylvia
1089 1667 1274 1746 praesertim
1292 1661 1452 1727 frondosis

437 1773 522 1838 haud
541 1779 619 1837 rar'a.
661 1774 741 1856 Aug.
763 1775 845 1856 Sept.

623 1963 661 2044 Μ
703 1963 1272 2048 Erythrocepholae

462 2191 466 2198 ,
514 2108 586 2192 619.
618 2110 659 2173 A.
687 2109 729 2172 R.
758 2129 945 2173 rosacea.

713 2243 746 2296 n,
769 2244 894 2282 rosaceo

436 2335 474 2398 In
493 2333 642 2416 exemplis
669 2333 815 2398 senilibus
842 2335 940 2420 pileus
967 2353 1059 2416 saepe
1087 2335 1242 2415 reperitur
1260 2330 1452 2414 subdeprea·

436 2467 510 2521 tua3
538 2452 571 2508 in
590 2449 708 2509 nostris
729 2463 868 2510 oetermn
891 2447 1091 2530 utplurimum
1118 2446 1280 2528 insipidus.
1321 2443 1451 2508 Statura

435 2562 536 2634 varim
559 2559 714 2622 interdum
736 2564 809 2634 satis
829 2563 959 2641 ingens,
989 2559 1072 2642 pileo
1093 2557 1193 2636 4-5
1213 2577 1283 2618 unc.
1303 2559 1365 2620 lato
1387 2573 1450 2622 etc.

435 2673 474 2734 ln
505 2672 598 2757 sylvia
634 2672 776 2735 abietinia
807 2671 935 2754 alliaque
964 2670 1038 2732 hinc
1065 2669 1138 2732 inde
1165 2689 1231 2738 non
1257 2669 1450 2754 infrequens.

435 2783 545 2846 Medio
566 2799 726 2846 autumno.
889 2799 896 2809 ‘

513 2895 583 2958 620.
618 2895 656 2955 A.
686 2897 727 2956 R.
757 2899 938 2958 emetica.
1343 2956 1346 2964 ,

435 3009 565 3090 Species
585 3027 735 3090 perquam
755 3007 906 3070 variabilia
934 3005 1035 3089 quoad
1059 3005 1300 3089 magnitudinem
1320 3007 1452 3070 coloria·

436 3139 496 3202 qne
517 3119 550 3179 in
568 3119 650 3200 pileo
671 3140 708 3181 ac
728 3121 831 3202 stipite
858 3123 1085 3181 intensitatem:
1111 3119 1287 3200 pervulgata
1307 3123 1340 3180 in
1359 3120 1451 3203 sylvia

432 3233 617 3314 pracsertim
638 3237 797 3308 acaronis,
826 3252 901 3315 quaa
929 3245 1066 3313 occupat
1090 3229 1163 3292 inde
1183 3251 1202 3293 a
1221 3231 1302 3292 lulio
1322 3251 1382 3314 per
1401 3246 1451 3294 to·

435 3359 498 3404 tum
519 3359 711 3406 autumnum.
1184 3351 1187 3361 “

513 3455 585 3516 621.
619 3455 659 3516 A.
689 3455 730 3515 R.
760 3454 988 3537 depellens.

436 3567 562 3630 Crescit
589 3567 622 3626 in
642 3566 758 3648 pinetis
779 3571 896 3628 nostrie
916 3566 992 3627 hinc
1018 3565 1090 3626 inda
1117 3566 1167 3643 (e.
1189 3583 1220 3647 g.
1243 3565 1448 3636 lleiseloclrene

436 3677 529 3752 Seer,
552 3679 732 3754 Moltolzer‚
756 3669 925 3740 Oderttt'zer
945 3677 1063 3758 Boset)
1082 3677 1160 3740 lucia
1179 3681 1316 3760 apprime
1336 3677 1451 3742 siccio-

434 3789 521 3853 ribus
543 3791 646 3854 nudie.
688 3791 830 3873 Augusto
851 3797 883 3852 ei
903 3809 989 3872 seqq.

513 3903 584 3965 622.
617 3905 657 3966 A.
687 3903 728 3966 R.
759 3903 936 3985 fragilis.

433 4015 461 4076 Α
490 4015 527 4076 ii.
551 4013 671 4088 ratidai,
701 4019 751 4076 cui
777 4014 913 4097 deauper
940 4019 1080 4096 inspecta
1105 4011 1307 4088 similium,
1334 4011 1450 4075 affatim

434 4125 594 4209 diacrapat
614 4128 740 4189 lamellis
761 4125 911 4189 candidis.
955 4125 1057 4188 Pileut
1080 4129 1217 4208 margine
1237 4131 1355 4200 tenuia,
1381 4126 1449 4208 pel·

432 4237 560 4314 lucens,
583 4239 778 4302 ouban-imus.
820 4227 967 4300 Grimina
992 4253 1072 4300 unat
1091 4239 1231 4300 iocorum
1251 4237 1447 4311 lutaciorum,

432 4351 620 4434 umbrasque
640 4352 786 4414 fittticutn
804 4349 1042 4426 frondoaorum‚
1064 4351 1148 4413 baud
1162 4349 1340 4437 infrequens
1353 4349 1449 4413 nobie

431 4463 505 4526 ltine
525 4464 618 4526 illinc.
658 4463 786 4526 Aestate
806 4463 937 4528 finiente
958 4479 990 4528 et
1009 4477 1166 4527 autumno.
1437 4469 1441 4478 '
