3528 5482
300 571 328 644 Ι

739 713 917 728 --·-·
1107 700 1112 713 ’
1300 685 1340 760 49

323 873 432 944 gatus,
461 858 559 944 bysso
586 855 686 921 albidi
714 857 908 940 saepiuscule
934 827 1074 932 obsitus,
1105 860 1187 920 varie
1214 855 1340 920 demum

323 971 407 1036 incer
427 971 644 1053 sphaerulam,
660 985 739 1050 ‚tum
759 973 911 1052 temporis
931 969 981 1032 vel
1000 991 1143 1044 vacuam,
1165 971 1214 1035 vel
1232 971 1340 1054 gelati-

323 1105 381 1148 nae
410 1083 577 1166 expallidae
613 1083 756 1166 reliquias
783 1088 884 1145 siccas
913 1097 1149 1166 contractasque
1174 1089 1339 1146 continen-

243 1254 246 1262 .
325 1212 405 1272 tem,
437 1201 549 1278 aperit.
608 1194 828 1280 Namaequrt's
859 1197 1004 1277 speciem
1033 1196 1267 1268 memorabilem
1296 1198 1339 1258 ob
1373 1175 1376 1182 Ι

327 1309 478 1372 cirrhulos
513 1329 607 1392 supra
639 1309 819 1389 descriptos
854 1327 1022 1370 accensere
1049 1310 1081 1368 in
1113 1314 1216 1370 artimo
1253 1326 1337 1372 erat:

325 1423 382 1486 sed
407 1438 569 1505 augmenta
596 1426 801 1504 microscopii
827 1425 998 1502 compositi
1018 1425 1175 1504 gigantea,
1205 1437 1339 1486 massam

325 1539 543 1618 spermaticam
577 1533 762 1614 slecigaram
796 1533 970 1594 luculenter
1002 1539 1224 1610 monstrantia,
1263 1535 1338 1596 inde

323 1669 384 1712 nos
410 1663 658 1710 revocarunt-
683 1649 803 1710 etiamsi
838 1647 959 1720 timeae,
995 1641 1090 1728 prout
1115 1667 1134 1710 a
1159 1652 1258 1730 priori
1286 1650 1340 1728 (ut

325 1762 429 1846 ajunt)
448 1766 482 1822 in
501 1765 610 1842 specie
630 1759 709 1823 adeo
730 1759 870 1821 abnormi
890 1763 1046 1841 expectari
1060 1781 1118 1842 par
1131 1776 1213 1836 erat,
1235 1781 1342 1824 acon-

324 1893 472 1957 generum
499 1857 589 1935 more
609 1895 675 1934 non
694 1895 802 1956 parum
823 1873 1026 1936 recederent:
1060 1893 1186 1956 uragnae
1207 1894 1267 1956 pro
1288 1895 1339 1936 ra-

326 1992 431 2060 tione,
460 1987 630 2068 ellipticae,
661 2007 881 2068 compressae,
914 2006 985 2048 mox
1011 1987 1085 2048 stria
1113 1969 1336 2067 longitudinali,

324 2119 398 2160 tuor
416 2103 575 2182 utriusque
596 2103 693 2181 apicis
714 2099 826 2180 plicuit
847 2099 1040 2164 transversali
1060 2103 1243 2182 insignitae,
1269 2121 1338 2184 spo·

326 2211 409 2280 craias
435 2217 560 2278 nonnisi
584 2213 779 2275 indistinctas
805 2211 975 2296 dubiasque
1007 2211 1213 2300 includentes.
1261 2215 1339 2276 Fre·

326 2345 424 2408 quens
443 2325 523 2386 haec
541 2325 613 2386 loco
634 2321 829 2406 suo'Aprili,
851 2326 958 2386 Maio:
990 2328 1019 2386 ei
1040 2323 1190 2386 simillima
1209 2325 1246 2404 β,
1268 2331 1339 2388 viri

325 2437 413 2513 dola,
442 2437 545 2500 massis
570 2441 654 2500 intus
678 2425 783 2518 paullo
813 2437 961 2500 solidiore
987 2437 1247 2502 albida-virente
1276 2438 1339 2500 lar·

325 2565 392 2624 cta,
421 2549 646 2633 epidermidetn
672 2549 874 2614 substollatim
899 2571 1066 2632 rumpens,
1101 2555 1134 2612 in
1154 2549 1237 2616 loliis
1257 2553 1342 2614 Bessi

325 2667 474 2726 emortuis
495 2661 657 2746 aliquoties
676 2679 803 2746 reperta
828 2663 886 2724 l'uit
904 2665 1010 2739 Maio,
1032 2665 1139 2728 lunio.

406 2783 472 2854 ¹4²·
506 2777 538 2836 S.
569 2775 748 2838 Pteridis
769 2797 901 2838 ηοω.
1238 2817 1242 2830 ·
1356 2788 1417 2840 rab.
1443 2789 1475 2840 it

326 2887 359 2950 S.
384 2887 530 2971 (simplex
558 2891 695 2968 artemo)
723 2911 838 2968 magna
857 2909 966 2972 sparsa
986 2886 1229 2950 srtbtnberculoso
1249 2915 1266 2954 e
1285 2889 1338 2952 ba·
1386 2885 1406 2934 f·
1423 2895 1446 2940 i·

325 2999 375 3062 dio
390 2996 501 3091 fusca,
528 2993 830 3084 primum'globoso·
843 3001 1002 3086 depresso,
1035 3001 1106 3062 dein
1132 3001 1279 3064 obcertica
1299 3007 1337 3066 εί·

325 3114 442 3200 tetrique
462 3111 686 3176 collubescendo
699 3145 711 3158 -
723 3113 901 3176 obcordotu.

383 3207 581 3308 Sphaeriime
606 3249 647 3290 an
667 3227 825 3290 Sclerotiis
852 3227 936 3288 dubii
964 3231 1089 3310 generis
1115 3227 1336 3312 lungillusad-

322 3339 531 3402 numerandus
552 3341 612 3402 sit?
643 3339 778 3424 ambigui
797 3340 964 3402 etiamnum
984 3341 1166 3405 haeremus:
1194 3343 1250 3404 sad
1271 3347 1339 3425 pri·

323 3471 375 3512 tuo
397 3455 584 3524 inventionis
604 3468 766 3515 aucmento
789 3453 927 3536 erernpla
945 3455 1093 3516 munulls
1111 3452 1236 3535 globulo
1255 3477 1337 3540 sper·

324 3568 435 3626 morico
457 3565 559 3628 albido
581 3565 779 3648 fugacissimo
801 3582 948 3630 coronata
968 3567 1132 3630 observare
1152 3567 1245 3630 nobis
1268 3573 1335 3640 visi,

324 3677 385 3742 lulc
406 3651 476 3742 eum
497 3684 649 3760 tantisper
672 3680 906 3762 adscripsimus.
953 3681 1113 3746 Diatueter
1135 3679 1222 3762 fungi
1241 3679 1336 3742 adulti

322 3791 433 3854 meaa
459 3813 562 3874 paene
587 3793 754 3874 adaequat,
789 3792 919 3854 altitudo
945 3793 1171 3875 sesquilinearn.
1226 3795 1337 3854 Junior

321 3903 453 3986 globoso
464 3905 668 3986 -depressus,
682 3921 749 3980 est,
777 3909 894 3968 vertice
915 3904 1128 3988 planiusculo:
1157 3909 1190 3964 iu
1205 3903 1335 3966 formam

322 4013 612 4094 deiumbconicam
639 4037 786 4080 crescens
811 4018 997 4102 aliquantum
1019 4015 1191 4080 collabitur.
1234 4018 1336 4079 Caum

258 4155 261 4160 ·
321 4145 387 4190 tum
408 4130 533 4212 quidem
555 4136 730 4212 perscissus
752 4134 907 4204 cernitur,
934 4137 966 4190 a't
993 4129 1083 4192 simul
1109 4134 1236 4191 materie
1257 4135 1336 4192 inter

322 4247 483 4308 cavitatem
512 4249 725 4326 corticemque
761 4243 879 4306 durum·
899 4241 966 4304 alba
996 4242 1187 4306 molliusculai
1214 4243 1337 4306 similari

321 4355 454 4420 Parcius:
481 4375 544 4418 nec
565 4361 684 4426 cavitas,
701 4361 774 4418 satis
794 4357 933 4439 perlecta
953 4377 990 4420 ac
1010 4359 1141 4448 genuine
1162 4355 1336 4438 sphaerici-

321 4467 381 4532 dea
399 4473 554 4552 apparuit.
596 4470 774 4534 Dolenduut
787 4475 927 4546 omnmo,
950 4473 1227 4566 specirnina'nirnit
1243 4489 1337 4552 parca
1362 4551 1368 4558 ι

1277 4628 1296 4686 7
