3574 5486
472 668 528 749 alli
883 707 1061 726 --...

546 851 616 933 529.
650 851 689 913 Α.
719 849 760 914 G.
789 815 1052 935 erydhropus.

744 986 776 1040 a,
799 968 951 1026 terrestris

742 1075 802 1156 ββ,
826 1081 1021 1158 truttct'getttss

741 1211 796 1272 γγ,
819 1190 973 1251 aestivalis

355 1333 360 1342 ·
466 1303 541 1364 Vsr.
566 1323 598 1378 a,
620 1301 870 1376 memorabilem,
892 1303 985 1365 nobis
1007 1323 1132 1387 quoque
1152 1309 1357 1381 rarissimam,
1386 1311 1482 1372 semd
1540 1317 1552 1338 ⁸

466 1427 583 1475 tentum
604 1419 636 1474 in
656 1414 812 1477 umbrosis
833 1415 902 1478 udis
922 1415 1092 1478 elnetorum
1109 1437 1147 1478 ac
1160 1419 1380 1500 populetorum
1397 1423 1481 1502 (Mo-

467 1525 568 1587 lolzer
597 1527 716 1607 Halala)
745 1531 882 1590 invenire
910 1532 1041 1612 contigit
1069 1529 1127 1592 sub
1156 1529 1348 1612 Septembris
1377 1533 1480 1596 linem

465 1639 615 1700 Crebrior
640 1639 700 1701 hle
728 1643 844 1721 passim
873 1639 1126 1720 (Lebmgrubena
1164 1643 1380 1725 Besoltlntgelr
1410 1647 1480 1708 Mo·

466 1750 567 1811 bolrer
588 1749 707 1821 Hnt'der
729 1751 926 1832 Euicnwaid)
947 1759 1084 1815 occurrit
1102 1753 1165 1832 ββ,
1180 1756 1384 1830 ΓιεοίουΙιιτίε,
1407 1757 1481 1820 sub·

464 1864 618 1938 radicata,
649 1869 680 1924 in
709 1864 888 1927 caudicibus
903 1859 1062 1954 fagineis,
1101 1865 1240 1928 detulinis
1264 1885 1326 1930 etc.
1350 1871 1478 1954 epixyls,

464 1982 561 2039 rarius
582 1977 622 2038 ad
641 1977 729 2039 basin
756 1991 936 2038 tntncorum
963 1983 1108 2061 epigaea,
1142 1977 1293 2062 stipitibus
1313 1981 1385 2044 laxis
1405 1981 1480 2044 sub·

465 2087 610 2152 llexuosis
631 2091 781 2172 elongatis
802 2086 1066 2175 (Ssduncialibus)
1091 2089 1246 2174 eleganter
1265 2092 1406 2176 laeteque
1425 2115 1479 2156 ru-

466 2202 627 2276 bentibus,
656 2201 730 2284 pilei
757 2203 1027 2284 (sesquiuncialis)
1056 2203 1144 2266 disco
1164 2205 1315 2266 rubedine
1335 2209 1409 2266 item
1430 2205 1479 2268 dl·

464 2315 527 2377 lini
555 2315 679 2390 afflato,
715 2319 849 2396 primum
876 2335 1036 2390 convexo,
1072 2316 1145 2376 dein
1171 2317 1324 2398 depresso
1350 2337 1387 2380 ac
1406 2317 1479 2399 plus

463 2433 565 2491 minus
594 2428 740 2491 distincte
769 2426 959 2488 umbilicato.
1016 2429 1073 2490 Est
1098 2429 1151 2490 hic
1178 2427 1281 2491 forsan
1312 2429 1348 2491 G.
1374 2451 1479 2512 repens

463 2541 626 2603 Bnfliardir
660 2544 783 2621 stipites
811 2539 919 2602 saltem
948 2540 1031 2604 laxos
1052 2540 1277 2604 decumbentes
1297 2547 1378 2604 varie
1399 2563 1480 2604 non·

463 2674 629 2737 numquam
657 2651 752 2715 flexos
780 2651 863 2714 baud
888 2653 969 2714 sdeo
992 2657 1098 2734 inepte
1118 2669 1266 2734 repentes
1287 2655 1418 2717 dixeris:
1445 2671 1478 2718 et

462 2765 611 2849 prolecto
639 2763 784 2840 lamellis,
823 2763 1009 2838 substantii,
1047 2769 1152 2846 stipite
1185 2765 1290 2847 glabro
1323 2771 1477 2850 utrimque

464 2880 603 2951 sulcato,
635 2881 719 2940 intus
745 2881 835 2938 etiam
857 2877 950 2954 (licet
969 2881 1070 2938 minus
1091 2877 1256 2960 distincte)
1283 2879 1392 2940 villoso
1412 2895 1474 2942 etc.

463 2995 613 3075 proprior
633 3005 682 3052 est
701 2995 739 3070 τῇ
759 3013 787 3054 s.
814 3009 906 3074 marn
926 3003 960 3048 ut
980 2993 1088 3070 specie
1108 2989 1331 3072 sejungendum
1350 3009 1477 3054 censea-

461 3125 541 3166 mus.
592 3105 687 3186 Viget
714 3107 798 3187 Sept
827 3105 899 3166 Oct.
944 3103 1044 3162 Porro
1071 3099 1217 3166 brevibus
1243 3106 1335 3164 eilsm
1355 3102 1476 3165 descri-

462 3215 564 3278 benda
591 3221 676 3278 venit
695 3237 759 3280 var.
788 3237 842 3300 γγ,
865 3217 987 3300 dignior
1015 3215 1147 3278 fortasse
1174 3231 1337 3296 separatu,
1365 3215 1472 3299 major,

460 3328 541 3412 pileo
568 3329 627 3390 bi·
654 3349 681 3392 s.
711 3329 861 3390 triunciali
886 3329 1079 3400 subcernoso
1101 3325 1197 3410 fragili
1217 3307 1410 3408 planiusculo
1431 3327 1476 3389 al·

460 3439 708 3524 bido-pallente
729 3441 820 3504 disco
844 3461 939 3522 saepe
966 3437 1220 3514 subtulescente,
1249 3439 1377 3500 lamellis
1396 3459 1475 3500 cou-

461 3551 647 3616 fortiusculis
674 3553 798 3616 adnexis
829 3551 1066 3625 concoloribus,
1101 3549 1250 3633 stipitibus
1269 3565 1355 3612 extus
1376 3555 1475 3614 intus-

461 3687 522 3748 que
542 3667 677 3730 laevibus
705 3665 913 3728 subteretibus
938 3667 1003 3744 (vix
1023 3667 1235 3744 compressis)
1255 3661 1475 3726 rulo-subce-

461 3783 586 3841 staneis.
635 3781 796 3862 Frequens
823 3781 968 3858 provenit
993 3776 1066 3838 hinc
1093 3773 1165 3835 inde
1191 3779 1224 3834 in
1244 3775 1394 3858 sylvarum
1415 3793 1474 3858 pe·

459 3891 627 3952 netralibus
660 3895 834 3964 muscosis,
869 3892 1051 3971 praesertim
1084 3887 1266 3969 sphagnosis
1300 3885 1473 3970 paludosis,

461 4002 715 4085 subcaespitoss,
752 4005 863 4064 lunio:
897 4005 1024 4083 parcior
1058 4016 1090 4062 et
1122 3999 1333 4081 imperfectior
1362 4003 1473 4062 iterum

459 4129 619 4177 autumno.

538 4225 608 4288 530.
641 4227 680 4287 A.
711 4225 753 4287 0.
784 4225 1010 4288 confluens.

735 4361 768 4410 at,
790 4335 876 4398 oldas

734 4447 795 4528 ββ,
818 4443 888 4540 ruse
902 4479 914 4496 ·
927 4449 1146 4508 cinnomomeus
