3528 5482
451 691 490 754 26
860 727 1041 741 ...-...-.

452 872 536 934 redae
562 867 775 954 primordiales
801 867 931 942 rubrae,
967 869 1095 944 molles,
1132 868 1355 932 laeviusculae:
1395 869 1471 930 dein

450 983 573 1046 fusam:
595 983 720 1043 demum
740 985 844 1062 nigrae
864 979 952 1041 valde
973 1001 1121 1064 rugosae,
1144 986 1207 1044 imo
1230 979 1467 1042 tuberculosae:

451 1101 588 1158 omniurn
608 1109 741 1156 aetatum
762 1094 900 1174 exempla
922 1098 1038 1154 inuno
1059 1095 1235 1177 eodemque
1256 1093 1375 1154 ramulo
1397 1092 1471 1174 jun·

451 1213 525 1270 otim
553 1225 695 1288 ternpore
722 1205 835 1266 vernali
865 1204 1023 1268 observari
1051 1221 1193 1288 possunt.
1251 1205 1290 1266 ln
1316 1205 1469 1288 perlectis

449 1335 574 1402 praeter
594 1337 687 1397 rugas
708 1317 884 1398 superliciei
911 1338 1093 1380 communes
1122 1321 1202 1378 rima
1222 1339 1282 1380 una
1301 1318 1352 1380 vel
1371 1319 1468 1378 altera

451 1431 658 1494 transversnlis
679 1429 882 1511 profundior,
913 1451 1003 1511 quarn
1023 1431 1186 1493 dehiscere
1205 1430 1285 1492 velle
1305 1429 1397 1491 facile
1418 1429 1468 1524 ju-

450 1545 618 1616 dicaveris,
641 1542 723 1602 haud
738 1559 812 1602 raro
832 1541 936 1604 adest:
959 1562 1064 1602 verum
1084 1549 1467 1624 examirrn‘saepenurnero

448 1661 580 1738 repetita
623 1653 817 1735 sphaerulam
855 1670 993 1736 apertam
1029 1675 1200 1738 numquam
1236 1669 1465 1717 monstravere.

449 1769 487 1830 ln
507 1769 588 1848 ligno
611 1763 782 1826 ilerde-idas
802 1766 940 1845 uulgaris
957 1783 1100 1828 emortuo
1115 1773 1165 1828 vix
1179 1788 1325 1851 umquam
1340 1767 1466 1830 absens.
1517 1789 1526 1806 ⁶

448 1882 610 1942 Perennis.

506 2013 557 2073 79.
591 1993 622 2052 S.
655 1989 873 2071 copularis.

448 2103 627 2166 Admodum
662 2107 756 2163 variat
791 2101 1000 2183 magnitudine
1034 2103 1284 2184 sphaerularum,
1322 2121 1465 2168 ceterum

448 2229 627 2280 comtanter
646 2228 847 2276 astomorum:
877 2197 955 2296 quae
982 2215 1174 2276 humectatae
1201 2217 1333 2278 lorrnarn
1354 2217 1466 2300 globo-

447 2349 532 2402 sam,
565 2341 647 2390 statu
674 2325 837 2407 decrepito
858 2339 1006 2405 excepto,
1033 2343 1231 2406 recuperant.
1280 2329 1317 2388 lu
1337 2331 1464 2391 ramulis

446 2441 591 2504 arborma
610 2437 829 2500 ltondosarum
851 2441 940 2498 variis
961 2458 990 2496 v.
1014 2457 1043 2498 c.
1067 2437 1177 2519 Populi
1203 2442 1332 2521 nigrae,
1362 2441 1465 2526 Cytisi

448 2551 603 2626 Lndrarnt',
626 2547 771 2612 sambuci
791 2551 900 2629 nigrae
919 2563 981 2610 etc.
1004 2547 1077 2610 hinc
1097 2549 1181 2612 inde.
1213 2553 1355 2635 Hyeme,
1379 2575 1462 2617 vere.

523 2663 573 2728 80.
607 2665 639 2724 S.
668 2659 941 2724 Cucurbitula.

445 2777 580 2859 Propior
600 2776 677 2837 haec
698 2773 731 2834 S.
753 2775 926 2846 coccineae,
956 2793 1045 2854 quom
1066 2771 1207 2854 capulari
1227 2797 1299 2840 esse
1319 2779 1461 2842 videtur:

443 2907 505 2950 nos
525 2903 627 2960 certe,
649 2885 704 2946 ubi
724 2883 904 2968 sphaerulae
924 2884 1076 2966 collapsae
1096 2890 1129 2946 in
1148 2885 1277 2950 formam
1297 2897 1461 2973 pristiam

443 2999 621 3064 subovatam
641 2999 720 3080 aquia
740 2996 874 3060 refectae.
892 3012 1139 3070 assurrexerunt,
1167 3002 1308 3063 ostiolum
1327 3008 1361 3064 in
1376 3004 1462 3090 haud

442 3116 551 3196 paucis
571 3113 807 3174 minutissimum
829 3109 972 3192 quidem,
993 3123 1024 3168 at
1044 3109 1239 3188 distinctum,
1262 3116 1461 3197 papilleeior-

441 3245 493 3287 me
513 3225 655 3286 vidimus.
703 3221 817 3282 Diffart
845 3237 946 3280 tamen
966 3218 1136 3282 substantii
1155 3232 1340 3306 praesertim
1360 3229 1460 3290 multo

441 3336 581 3398 molliore
608 3356 646 3397 so
673 3339 849 3396 tenaciore:
878 3333 960 3394 unde
980 3331 1035 3404 lit,
1063 3349 1098 3394 ut
1117 3335 1319 3415 sphaerulae,
1351 3343 1383 3400 ia
1405 3339 1460 3400 illd

443 3448 489 3510 vel
512 3448 612 3510 lorini
633 3431 825 3508 conservati
836 3443 985 3506 deciduae
1006 3445 1054 3505 vel
1079 3445 1223 3510 diffracto
1237 3450 1403 3526 -laoeras,
1426 3457 1460 3515 iu

441 3561 499 3620 lule
535 3566 567 3620 in
600 3559 728 3640 liguram
764 3557 971 3638 perizoideaur
1005 3555 1161 3639 collapsae
1195 3559 1248 3622 diu
1274 3567 1458 3642 persistmt.

442 3671 561 3734 Colore
587 3674 682 3732 variat
708 3689 780 3730 mox
806 3667 918 3740 rubro,
948 3685 1020 3728 mox
1045 3669 1200 3752 eleganter
1226 3679 1377 3737 amantio.
1421 3677 1460 3739 In

439 3785 565 3847 ramulis
578 3781 735 3844 frondosis
749 3783 859 3840 rarior:
877 3777 1012 3860 praefert
1025 3785 1106 3842 anun
1122 3785 1248 3844 cortices
1263 3789 1370 3868 pineas
1379 3787 1460 3850 abie-

441 3899 595 3984 tinosque,
617 3897 649 3954 in
669 3891 780 3976 quibus
800 3895 874 3952 satis
894 3889 1040 3972 frequens
1059 3893 1235 3976 hospitatur
1254 3899 1350 3962 Mart.
1374 3901 1455 3984 lipr.
