3574 5486
766 702 945 716 ·--·-·--
1299 687 1353 730 sot

316 843 465 928 ¹jacente
491 847 540 904 vix
565 864 698 926 unquam
727 863 792 904 non
817 847 1022 925 proveniens,
1056 845 1113 907 sed
1134 845 1176 906 ob
1196 849 1357 908 minutiem

346 962 601 1038 teneritatemque
624 955 719 1018 facilis
747 955 902 1038 neglectu.
949 957 1091 1020 Vernalis
1112 969 1144 1018 'et
1162 959 1353 1020 autumnalis.

626 1141 1076 1226 b)Subcarnosi.

319 1275 330 1319 Ψ
422 1289 493 1352 582.
526 1290 565 1350 A.
595 1289 632 1350 G.
663 1289 966 1371 semiglobatus.

344 1402 485 1462 Aurasius
517 1385 647 1483 parvus,
687 1399 842 1473 ebrosus,
887 1402 1014 1482 pulvere
1045 1405 1233 1482 spermatico
1265 1407 1354 1486 nigro

259 1527 265 1536 '
344 1515 455 1592 (sicuti
475 1533 569 1594 saepe
590 1517 622 1574 e't
642 1516 756 1594 stipitis
775 1516 871 1593 apex)
892 1532 1099 1592 conspersus,
1120 1514 1288 1575 admodum
1307 1513 1356 1576 iu·

343 1645 417 1706 gat,
446 1645 506 1686 nec
532 1629 593 1686 uisi
612 1609 709 1686 rarius
730 1623 947 1706 reperiundus.
990 1626 1130 1706 vulgaris
1151 1625 1266 1708 ubique
1285 1627 1355 1688 fun·
1416 1601 1419 1608 ²

342 1757 399 1818 gus
418 1737 459 1796 ad
478 1736 585 1796 funum
606 1735 806 1808 bubulinmn,
828 1741 975 1818 equinum
990 1751 1071 1798 etc:
1093 1742 1219 1819 parcior
1238 1741 1270 1798 in
1289 1756 1356 1820 gra·

342 1852 471 1910 ruinosis
491 1847 669 1929 pinguibus.
710 1847 859 1910 Perennis
879 1846 956 1910 fere.

420 1959 487 2020 583.
519 1961 559 2020 Α.
590 1961 627 2020 C.
659 1963 920 2022 semiovatus.

342 2069 480 2132 Ananias
507 2075 541 2130 in
567 2071 627 2131 hic
653 2091 776 2152 quoque
802 2073 909 2150 specie
937 2091 1031 2152 saepe
1059 2069 1214 2133 evanidus.
1256 2071 1354 2132 Pilcus

341 2203 450 2264 parum
464 2184 643 2245 lacunosus.
670 2182 853 2264 Magnitudo
868 2182 1035 2243 variabilis:
1057 2183 1240 2265 plerumque
1254 2199 1355 2244 tamen

341 2297 375 2354 in
395 2299 512 2357 nostris
533 2293 635 2376 paullo
656 2297 774 2368 minor,
797 2314 888 2376 quam
907 2298 939 2352 in
958 2294 1171 2354 antecedente.
1211 2296 1355 2356 Provenit

342 2410 414 2468 satis
435 2406 582 2488 frequens
601 2420 747 2466 autmuno
766 2405 892 2486 pluvio,
914 2409 1086 2468 rarissimus
1106 2409 1209 2480 sicco,
1237 2409 1269 2464 in
1291 2405 1353 2488 syl·

341 2513 446 2603 varum
474 2538 671 2603 acerosarum
697 2517 905 2578 irnmidiorum
931 2532 1070 2580 stercore
1093 2521 1223 2578 vaccino
1249 2519 1297 2596 (v.
1321 2539 1350 2580 c.

340 2629 529 2708 Hosenstegr
548 2611 666 2690 ¹todter
695 2631 811 2698 stane,-
841 2627 1022 2698 Poitbrucb5
1051 2628 1247 2708 Eulenwoid)
1274 2631 1352 2693 louis

341 2741 556 2822 pinguioribus
576 2745 750 2823 grmnineis.
794 2744 880 2822 Sept.
903 2743 977 2804 Oct.

418 2851 488 2930 584.
522 2853 561 2914 Α.
592 2853 630 2913 C.
659 2852 984 2934 pupilionaceus.

618 2986 649 3036 a,
670 2964 770 3048 major

341 3071 441 3138 Pium
462 3095 534 3135 mox
560 3079 696 3148 acutius,
726 3095 796 3136 mox
821 3075 962 3136 obtusius
990 3074 1236 3155 campanulatus,
1272 3095 1351 3136 non·

338 3205 505 3266 numquam
526 3185 599 3246 binc
620 3187 849 3268 squamulosus;
875 3187 931 3247 ana
952 3190 1019 3248 vice
1039 3185 1246 3248 membranuli
1267 3191 1350 3249 inae-

340 3296 470 3378 qualiter
489 3295 589 3358 laceni
610 3303 810 3360 circumcirca
834 3299 1104 3380 appendiculatus,
1132 3301 1215 3358 unde
1243 3319 1349 3381 margo

340 3411 426 3488 quasi
448 3423 590 3470 creustus
609 3425 763 3490 apparet.v
793 3409 894 3491 Stipes
911 3411 1038 3491 pulvere
1058 3415 1194 3472 semiueo
1215 3415 1349 3490 copioso

338 3522 485 3580 aorrtmo
512 3520 635 3586 demum
664 3535 746 3583 totus
773 3521 839 3583 fere
858 3525 1043 3604 inquinatus.
1085 3521 1166 3581 Hab.
1189 3527 1220 3580 in
1241 3525 1347 3601 pratis,

338 3633 484 3708 pascuis,
522 3635 655 3692 versuris
688 3647 749 3693 etc.
784 3637 864 3692 inter
890 3637 1025 3714 gramina
1050 3637 1166 3713 passim
1193 3631 1349 3714 frequens.

339 3739 465 3800 Aestate
485 3755 577 3822 atque
596 3756 752 3804 autumno.

415 3852 486 3914 585.
520 3853 558 3912 A.
590 3853 628 3912 C.
657 3853 887 3917 foenisicii.

337 3961 463 4025 Affatim
485 3963 648 4025 distinctus
669 3985 686 4024 e
706 3966 914 4045 praecedente
940 3969 1078 4048 quamvis
1099 3979 1243 4045 cognato.
1284 3963 1349 4023 Lo·

296 4057 303 4064 “
338 4074 446 4134 meiius
466 4075 884 4156 subamaagiuato-sdnaxae.
931 4079 1010 4140 Item
1037 4081 1204 4160 grarniuum
1230 4095 1347 4149 emaus,

339 4191 509 4268 pratensis3
544 4191 641 4248 rarius
667 4211 685 4250 a
715 4191 807 4252 nobis
834 4211 960 4273 quoque
986 4205 1164 4252 stercoreas
1191 4204 1344 4270 repertus.

339 4299 430 4360 Haud
456 4298 635 4380 infrequens
662 4301 737 4366 hine
762 4301 845 4364 illinc
872 4307 954 4383 viget
975 4301 1144 4366 aestivalis:
1171 4301 1295 4361 sMaio
1315 4303 1348 4360 in

339 4409 513 4474 Octobrem
533 4429 642 4492 usque.
1378 4413 1380 4418 ’

1270 4545 1308 4608 26
