3574 5486
762 731 940 750 ----
1295 699 1353 761 203

338 873 474 947 nitidus,
498 875 602 947 tener',
632 872 762 955 fragilis,
787 873 954 936 lutescens.
996 876 1097 936 Semel
1117 881 1253 958 gregaria
1272 877 1352 939 lecta

339 985 457 1066 aliquot
479 985 617 1066 exempla
643 988 811 1062 (variarum
839 990 989 1064 neretum)
1019 1006 1036 1045 e
1057 1002 1195 1048 stercore
1224 995 1352 1080 vaccino

339 1111 489 1176 pronote,
517 1101 550 1156 in
568 1097 616 1157 vie
635 1097 810 1178 graminosi
830 1097 978 1160 umbrosi
1001 1097 1145 1179 sylvatici
1173 1100 1352 1176 (Mokolzer

341 1206 474 1288 Heide).
507 1210 653 1290 ’Exeunte
674 1209 826 1290 Augusto.

333 1355 337 1360 -
418 1318 489 1400 590,
522 1320 630 1403 Α.10.
662 1320 945 1400 Cepnestipes.

339 1431 397 1492 Est
421 1431 463 1490 A.
491 1447 642 1490 cretaceus
670 1431 804 1521 wither.
833 1431 1030 1514 errang.1V.
1061 1453 1094 1512 p.
1117 1453 1195 1515 ²¹9³
1229 1435 1272 1495 A.
1296 1433 1351 1496 Ce-

339 1544 543 1623 praeripere,
566 1544 650 1603 Pers.
679 1541 734 1618 (β,
763 1547 900 1622 speciem
928 1543 1164 1604 diversissimam
1192 1566 1286 1628 supra
1305 1552 1351 1607 in-

340 1654 532 1714 troduximus
550 1653 591 1712 ad
610 1656 652 1712 N.
675 1655 775 1733 419.).
819 1653 918 1713 Piieus
938 1669 1042 1715 exacte
1059 1671 1234 1731 cretaceus,
1257 1679 1350 1740 squas
1378 1713 1379 1716 ,

338 1765 428 1826 mtdis
446 1785 514 1825 ,seu
549 1764 691 1826 ilocculis
727 1763 871 1826 mollibus
903 1766 1012 1858 pilosis
1045 1767 1138 1828 veluti
1173 1773 1349 1852 gossypinis

338 1877 504 1959 aequaliter
535 1876 657 1938 obsitus
683 1909 723 1924 -
750 1876 881 1949 „tufted
907 1877 985 1936 with
1014 1893 1147 1960 cottony-
1166 1879 1279 1942 hairs“
1309 1885 1350 1942 eit

338 1987 370 2050 b.
398 1988 591 2066 Wirhering,
629 1987 717 2068 cujus
746 1991 778 2046 iu
793 1993 982 2050 universum
1014 1989 1183 2070 descriptio
1216 1993 1348 2069 (enarum

338 2114 471 2179 excepto
499 2103 532 2158 in
560 2102 676 2160 nostris
705 2103 778 2160 satis
803 2099 930 2180 fugace,
960 2105 993 2160 in
1015 2101 1125 2164 adultis
1152 2103 1223 2182 plus
1248 2109 1348 2170 minus

243 2219 248 2229 “
339 2214 562 2289 evanescente)
587 2209 776 2272 verbotenus
810 2215 962 2291 congruit.
1018 2212 1177 2274 Lemellne
1211 2216 1348 2276 colorem

337 2321 440 2407 eibum
467 2323 727 2403 substantiamque
757 2337 789 2396 et
815 2321 946 2383 fonnem
978 2343 1063 2384 suem
1090 2328 1162 2386 setis
1190 2325 1243 2384 diu
1270 2345 1348 2388 con-

338 2447 481 2507 servent,
502 2448 534 2494 et
554 2433 678 2494 demum
699 2449 801 2496 tamen
820 2433 1067 2497 brunnescentes
1087 2440 1119 2496 in
1139 2436 1257 2500 laticem
1278 2455 1349 2498 sor·

338 2543 410 2609 dide
430 2545 551 2608 fuscum
577 2545 736 2606 diffluunt:
768 2546 855 2628 cujus
882 2547 1095 2628 catastrophes
1116 2561 1275 2610 auctorem
1295 2569 1349 2609 en·
1449 2572 1452 2578 ’

337 2657 449 2739 glicurn
468 2660 657 2718 mentionem
679 2659 789 2718 nuiiem
806 2658 934 2733 iecisse,
957 2664 1150 2741 quantumvis
1164 2659 1348 2734 mirabundi,

338 2767 550 2842 indetamen,
580 2769 666 2850 quod
687 2770 824 2850 exempla
846 2775 970 2832 seniore
989 2772 1108 2832 exoleta
1127 2771 1169 2832 illi
1187 2771 1269 2832 haud
1289 2771 1349 2832 ob·
1427 2803 1430 2809 ,

338 2883 480 2960 tigerint,
518 2884 640 2940 evenire
668 2886 811 2961 potuisse
838 2881 1019 2962 judicamus.
1068 2883 1176 2964 Iteque
1206 2882 1371 2963 Caprint's'

337 2991 676 3052 omninoaccensende
695 3008 744 3056 est
763 2992 879 3054 haecce
900 2999 1043 3075 species:
1073 3015 1163 3076 quam
1190 2999 1348 3074 caespitu-

336 3121 402 3170 sem
433 3090 708 3184 frequentemque,
746 3110 910 3184 quotannis
942 3107 1127 3178 redivivam,
1163 3109 1196 3165 in
1228 3111 1348 3168 cortice

337 3217 469 3275 coriario
502 3229 629 3275 recente
657 3214 807 3276 hebemus
839 3217 956 3293 (itinter
983 3215 1049 3276 dem
1076 3207 1345 3298 Britder'gnrscqz
1399 3257 1402 3264 ·
1478 3229 1480 3236 ’

335 3328 489 3406 vigentem
509 3340 624 3387 aestate
645 3341 678 3386 et
696 3340 854 3390 autumno.

587 3573 614 3622 li.
660 3577 1096 3627 PRATELLAE.

681 3721 1019 3802 e)Auuulotae.

416 3879 486 3960 591.
518 3881 558 3940 A.
588 3881 620 3940 P.
648 3882 791 3944 edulis.

337 3989 437 4052 ruens
458 4013 476 4052 e
497 4011 634 4053 convexo
654 3993 882 4074 pleniueculus,
911 3999 1093 4078 pierumque
1113 3995 1223 4067 laevis,
1245 3993 1347 4073 3-4

334 4121 408 4164 unc.
430 4103 528 4178 letus,
548 4105 703 4166 interdum
722 4122 825 4168 temen
837 4113 927 4169 etiam
940 4113 1116 4190 giganteus,
1138 4105 1346 4187 spithemeeus

336 4229 369 4275 et
388 4215 484 4275 ultra:
522 4231 659 4278 ceterttm
686 4221 734 4280 vel
760 4236 845 4286 totus
867 4221 1034 4293 candidus,
1071 4219 1120 4280 vei
1140 4217 1229 4280 disco
1250 4217 1346 4297 pelle·

335 4345 428 4388 scens
448 4343 501 4388 eut
519 4328 762 4392 subflnvescens.
805 4332 910 4412 Stipes·
925 4333 1059 4404 validus,
1082 4331 1195 4392 staturi
1215 4332 1344 4389 veniens.

336 4437 423 4499 Haec
444 4453 493 4500 est
513 4445 654 4521 species,
677 4463 768 4523 quam
786 4463 871 4506 nunc
891 4445 1008 4518 solam,
1034 4462 1117 4540 qunc
1137 4443 1279 4522 sequenti
1297 4443 1345 4500 in·
