3574 5486
467 649 522 732 ιφ
880 687 1059 704 ---

461 829 520 892 hic
539 827 601 906 ββ,
624 830 682 888 situ
702 849 833 911 prorsus
852 851 980 912 sparso,
1002 833 1106 940 sopite
1121 834 1309 900 subincurvo
1326 843 1476 907 solidiore

461 940 596 1002 firmiore
616 941 759 1003 breviore
780 944 847 1020 (vix
866 945 1005 1023 unciali),
1028 945 1156 1004 lamellis
1177 950 1321 1014 omnibus
1335 957 1473 1036 integris,

461 1051 589 1132 locoque
609 1053 710 1114 natali.
752 1055 895 1134 Legimus
916 1061 999 1118 enim
1019 1077 1086 1117 eam
1107 1059 1252 1134 (nonnisi
1272 1064 1388 1138 semel,
1417 1065 1475 1128 sed

460 1169 533 1238 setis
554 1165 691 1230 crebram
699 1153 775 1245 )''·sd
795 1185 915 1228 asseres
934 1168 1180 1250 aquaeductuum
1201 1174 1362 1238 medentes
1380 1183 1475 1240 semi·

459 1291 568 1358 putres
603 1279 703 1358 (circa
740 1277 865 1341 hortum
897 1276 1219 1370 fcieeltendorfensem).
1277 1286 1341 1350 Sub
1377 1287 1471 1352 finem

459 1387 597 1470 Augusti

537 1500 607 1580 ⁵7¹·
640 1501 677 1562 Α.
706 1500 751 1562 M.
776 1502 919 1566 lectee.

734 1635 766 1686 a,
786 1614 905 1697 uillipcs

730 1723 767 1801 β,
787 1728 879 1810 pitya

457 1833 580 1896 Crescit
600 1856 631 1908 o,
653 1837 689 1894 in
705 1837 796 1918 sylvis
817 1843 952 1902 ecerosis
972 1839 1020 1900 vel
1040 1845 1166 1922 epigses
1186 1843 1235 1904 vel
1255 1843 1379 1907 ramulis
1394 1866 1468 1906 acu·

444 1945 553 2008 ‘busve
582 1951 683 2028 pineis
710 1953 813 2012 innata
839 1956 954 2034 passim
977 1952 1132 2034 frequens.
1173 1957 1243 2016 Nec
1261 1954 1298 2030 β,
1320 1977 1387 2018 rnre
1407 1973 1466 2032 est,

455 2063 582 2120 minutis
612 2058 737 2142 basique
763 2061 955 2144 discrepans.
1005 2064 1084 2124 Pilei
1103 2069 1135 2124 in
1155 2065 1214 2128 hle
1242 2067 1371 2148 papillae
1393 2067 1467 2130 sub-

454 2170 630 2234 obsoletse:
661 2173 751 2254 stipes
780 2171 849 2258 rgsa
869 2197 941 2238 unc.
963 2176 1074 2256 longus
1093 2177 1231 2258 gracilis,
1257 2177 1325 2240 basi
1344 2178 1467 2240 redicu-

455 2283 492 2347 lit
511 2284 589 2346 albis
615 2289 744 2348 sericeis
772 2285 876 2348 densis
905 2292 1107 2349 circumcirca
1131 2293 1166 2350 in
1191 2288 1300 2351 orbem
1328 2291 1467 2352 radiatim

455 2401 596 2480 expansis
624 2397 743 2460 acubus
777 2397 922 2458 Pinorum
950 2400 1124 2462 inhaerens.
1183 2401 1277 2462 Locis
1310 2402 1466 2466 umbrosis

455 2511 631 2589 (Mobolzer
659 2509 761 2570 fluide
789 2512 883 2588 etc).
938 2511 1032 2592 Viget
1060 2523 1189 2592 utraque
1215 2488 1277 2572 ver.
1304 2533 1378 2575 vere
1405 2513 1466 2596 jem

453 2623 602 2698 bmnido,
624 2624 726 2696 Maio,
748 2623 857 2684 iunio:
880 2621 975 2684 redux
993 2637 1162 2698 summae,
1184 2625 1271 2704 Sept.
1295 2624 1366 2684 Oct.
1455 2675 1461 2692 ,
1553 2658 1558 2666 -

530 2737 610 2818 672.
635 2735 674 2795 A.
701 2735 748 2796 M.
776 2735 960 2817 vulgaris.

454 2847 552 2908 Pileus
581 2847 739 2908 latitudine
767 2853 861 2908 variat
880 2869 899 2908 a
920 2869 937 2906 2
957 2848 1045 2908 lineis
1072 2846 1112 2907 ad
1139 2850 1327 2909 semunciam
1352 2866 1462 2930 usque,

452 2959 576 3020 demum
603 2960 713 3042 plenus
742 2975 852 3020 centro
882 2958 1106 3040 subdepresso.
1145 2957 1220 3040 Ejus
1241 2957 1346 3020 discus
1366 2959 1490 3040 stipiti.

452 3069 606 3132 concolor
626 3093 644 3133 e
665 3075 791 3134 cinereo
812 3069 973 3132 rufescens
994 3071 1169 3152 (griseus):
1197 3089 1304 3154 margo
1326 3091 1397 3132 cum
1418 3069 1463 3130 ta·

450 3181 546 3244 mellis
572 3183 700 3246 albidus.
750 3183 879 3265 Fungilli
906 3183 1076 3264 pervulgati
1111 3199 1221 3262 greges
1248 3185 1281 3242 in
1307 3180 1463 3264 sylvatieis

449 3299 586 3356 accrosis
618 3295 811 3376 corpusculis
847 3298 936 3355 variis
969 3293 1054 3354 humi
1086 3292 1258 3376 jacentibus
1293 3293 1460 3376 superfusi,

450 3405 617 3489 epiphylli‚
641 3405 771 3488 epixyli,
798 3420 959 3468 terrestres
981 3421 1043 3466 etc.
1085 3404 1262 3486 Septembri
1283 3422 1315 3467 et
1334 3425 1404 3490 sqq.

527 3517 594 3598 573.
627 3518 667 3579 Α.
697 3517 744 3578 Μ.
774 3517 1008 3578 Corticola.

449 3627 594 3692 Cortices
613 3646 694 3690 sumt
713 3645 854 3692 vetustos
879 3649 1064 3704 muscosos,
1092 3629 1150 3692 sed
1175 3633 1283 3702 vivos,
1315 3628 1463 3692 arborum

448 3740 683 3815 frondosarum,
710 3741 823 3812 Tilioe,
853 3743 987 3828 Quercus
1008 3757 1067 3802 etc.
1088 3761 1169 3824 quos
1190 3745 1320 3822 copiose
1341 3741 1460 3814 incolit,

362 3889 367 3908 ·
448 3851 506 3915 sed
532 3853 689 3914 difficilior
715 3853 864 3934 indagatu.
906 3855 980 3912 Non
1007 3857 1089 3914 enim
1111 3868 1227 3914 tantum
1247 3857 1329 3912 inter
1350 3851 1462 3914 Liclre·

447 3983 504 4025 tres
525 3985 713 4047 rnuscosque
734 3962 983 4038 semidelitescit,
1013 3964 1069 4026 sed
1090 3968 1197 4038 etiam,
1227 3979 1392 4044 postquam
1412 3969 1460 4024 iu-

448 4089 496 4136 ter
516 4081 604 4156 ipsos
625 4075 739 4138 imbres
759 4076 838 4137 laete
865 4079 976 4156 viguit,
1012 4080 1118 4156 paucis
1145 4073 1204 4156 jem
1231 4075 1317 4136 horis
1342 4079 1461 4138 serenis

447 4185 561 4266 elepsis
582 4187 800 4249 utercidissima
821 4186 900 4248 adeo
923 4203 1084 4268 corrugata
1104 4190 1309 4260 imminuitur,
1330 4203 1365 4246 ut
1385 4207 1462 4248 ocu·

446 4297 508 4358 lum
530 4301 630 4361 minus
648 4313 800 4362 attentum
819 4298 960 4360 facillime
976 4298 1078 4382 fugin.
1121 4297 1313 4362 Aummnalis
1333 4313 1367 4360 et
1385 4299 1461 4380 hye-

446 4407 546 4472 malls.
