3574 5486
761 723 939 739 ----
1293 709 1351 763 arr

339 869 377 932 In
397 891 430 944 a,
452 865 503 928 lac
521 869 705 930 acerrimum
725 865 826 928 album
847 866 913 927 a'e'ri
933 867 1113 949 expositum
1123 885 1196 928 mox
1215 864 1354 928 colorem

339 981 438 1042 induit
457 979 613 1063 pulchelle
632 963 775 1042 roseum:
797 961 829 1039 at
849 977 922 1040 dein
942 985 1129 1042 exsiccatum
1149 979 1277 1040 sordide
1297 978 1354 1040 ssa·

339 1097 449 1156 vescit.
498 1091 536 1154 In
561 1089 598 1168 β,
625 1111 703 1174 quae
736 1091 821 1152 haud
850 1093 1048 1152 incommode
1082 1091 1201 1175 sejungi
1230 1105 1352 1172 posset,
1406 1111 1425 1118 ··

341 1205 435 1287 pileus
454 1204 542 1266 vaide
562 1208 704 1266 viscosus
724 1218 782 1264 ast.
825 1204 978 1266 Locitem
994 1204 1096 1266 album
1109 1204 1208 1264 multo
1226 1203 1352 1277 tardius,

342 1317 398 1380 sed
425 1320 661 1399 persistemus,
699 1315 855 1376 rubescit:
890 1317 1027 1376 toaculas
1053 1321 1134 1376 euim
1156 1337 1174 1378 e
1194 1335 1355 1397 purpureo

342 1429 496 1507 viobtceue
524 1433 641 1490 circum
667 1426 791 1488 vulnera
818 1426 902 1508 iimgi
931 1444 1016 1490 ortae
1052 1429 1192 1489 coioretn
1220 1441 1352 1488 servunt.

343 1543 470 1604 Parcior
490 1563 522 1614 a,
544 1545 577 1600 in
596 1538 754 1600 bondosis
774 1539 928 1600 umbrosis
949 1538 1160 1616 (Euleawoid,·
1183 1537 1356 1616 Subiandet·

300 1721 303 1728 ‚
343 1652 463 1734 Berg):
491 1651 684 1733 frequentior
703 1649 739 1726 β,
762 1654 793 1710 ia
813 1651 1026 1732 apriciusculis
1051 1655 1214 1732 gramineis
1234 1651 1355 1714 stuato-

342 1783 411 1826 rum
431 1779 494 1828 ete.
517 1763 697 1844 (Mobolzer
718 1762 819 1824 iratae
839 1767 925 1844 etc.)
946 1766 1030 1846 Sept
1053 1765 1124 1826 Oct

677 2011 710 2061 E
745 2013 1021 2062 austeras.

423 2170 505 2213 ess.
546 2133 657 2215 insunt
685 2154 758 2216 huic
785 2153 877 2214 tribui
904 2157 1026 2235 species
1053 2151 1148 2212 malae
1174 2149 1258 2210 baud
1277 2169 1356 2231 pau·

346 2281 418 2336 cae,
446 2265 536 2326 variis
564 2271 745 2345 praesertim
769 2267 883 2328 coieris
908 2263 1066 2346 ottjusdam
1087 2265 1238 2344 principis
1258 2267 1289 2322 in
1309 2263 1357 2342 pi·

344 2372 394 2434 leo
415 2373 718 2453 adumbrationibus,
745 2393 798 2438 aut
824 2397 951 2458 sapore,
980 2377 1087 2438 aliisve
1103 2377 1187 2436 notis
1206 2372 1357 2434 variabili-

344 2482 404 2547 bus
425 2485 575 2550 diversae.
625 2489 672 2550 Ita
692 2512 721 2550 v.
745 2512 771 2551 c.
792 2489 874 2550 haud
893 2494 935 2549 ita
955 2489 1082 2549 muitum
1104 2489 1270 2558 erraverit,
1305 2487 1358 2566 qui

345 2597 487 2658 Russalas
508 2622 680 2674 rosaceum,
703 2604 878 2673 emericum,
901 2599 1101 2683 depellentem
1109 2623 1120 2668 ,-
1143 2599 1180 2660 R.
1204 2597 1357 2656 ecbroleu·

344 2731 412 2769 cam
434 2729 463 2769 et
477 2706 645 2801 foetentem
652 2737 663 2782 ,-
694 2729 725 2774 et
745 2735 772 2776 s.
794 2734 828 2794 p.
851 2717 1028 2773 varietatum
1049 2709 1120 2772 loco
1142 2707 1262 2790 positas
1283 2730 1357 2790 spe-

283 2833 287 2857 ¹
345 2826 393 2883 cie
415 2823 632 2908 conjunxerit„
662 2825 899 2887 constantiores
928 2841 1000 2886 sunt
1020 2824 1215 2884 characteres
1236 2822 1359 2902 praeci-

344 2952 408 3016 pue
429 2939 468 3008 ii,
498 2954 579 3016 quos
598 2937 669 3018 pilei
698 2938 897 3019 inprimisque
918 2937 1101 2997 lamellarurn
1123 2935 1245 2995 colores
1265 2953 1358 3014 gene·

344 3049 409 3106 rice
438 3047 576 3110 distincti
603 3048 726 3126 (albus,
755 3051 873 3122 luteus,
901 3047 996 3109 ruber
1023 3050 1106 3127 etc.)
1139 3045 1357 3127 suppeditant:

344 3155 426 3238 juxta
454 3179 550 3241 quos,
581 3164 690 3240 paucis
710 3161 774 3223 aliis
795 3181 813 3220 a
833 3159 951 3232 forma,
981 3159 1095 3221 staturi
1124 3173 1186 3219 etc.
1208 3137 1381 3218 desututis‘

344 3273 377 3328 in
397 3273 537 3334 auxilium
558 3271 632 3332 hinc
652 3271 725 3332 inde
745 3277 879 3346 vocatis,
902 3277 1076 3355 specierum
1097 3290 1243 3330 nutrieras
1260 3273 1359 3329 minor

346 3382 491 3464 quidem,
530 3383 587 3445 sed
614 3389 732 3445 certior
762 3385 981 3468 stabiliorque,
1016 3383 1164 3445 constitui
1191 3401 1288 3462 posse
1315 3383 1359 3441 vi·

345 3493 449 3556 detur.

570 3741 606 3818 ἡ
646 3737 1139 3820 Leucocepbalaa

424 3889 495 3974 617.
528 3895 566 3953 A.
591 3895 636 3962 R⁸¹
659 3899 784 3983 nivea.

295 4039 299 4048 ·
347 4003 503 4070 Convenit
522 4025 593 4080 cum
616 4007 653 4068 R.
669 4003 788 4098 fragili
807 4004 1031 4090 magnitudine,
1053 4003 1231 4086 fragilitate,
1253 3999 1358 4082 taber-

347 4115 426 4177 cutis
446 4118 678 4198 marginalibus,
701 4140 814 4202 sapore
833 4123 1003 4180 acerrimo:
1032 4117 1127 4180 distet
1151 4115 1265 4180 staturi
1287 4134 1359 4190 cuo7

346 4231 443 4302 tiore,
465 4229 633 4314 coloreque
655 4247 724 4294 toto
743 4237 853 4306 niveo,
878 4237 906 4294 si
924 4232 1057 4292 maculas
1076 4228 1208 4291 tabelias
1228 4245 1359 4307 excepe-

344 4343 389 4400 ris
410 4360 525 4419 pcueas
545 4361 669 4424 sparsas
689 4345 921 4419 inconstantes,
942 4345 976 4404 in
996 4342 1144 4422 exemplis
1165 4341 1283 4422 aliquot
1297 4336 1358 4418 ob·

346 4467 494 4515 servatas.
536 4455 574 4514 in
593 4461 756 4538 gramineis
776 4458 930 4540 sylvaticis
950 4437 1147 4526 dumosisve,
1172 4452 1230 4514 sed
1249 4471 1358 4532 parurn
1379 4541 1386 4550 „
