3574 5486
421 649 522 711 ¹206
874 687 1054 706 -.....

542 827 611 910 598.
644 827 684 888 Λ.
715 829 750 890 Ρ.
781 827 1057 890 fascicularis.
1213 845 1217 853 '
1275 848 1279 861 ¹

742 962 774 1011 ot,
793 939 927 1019 primula

735 1049 771 1126 β,
792 1049 946 1129 proticola

465 1163 594 1224 Cercina
620 1162 844 1246 Fugaciuscula,
879 1181 1110 1245 nonnumquam
1137 1162 1274 1224 evanida.
1317 1163 1474 1252 Vulgatis-

461 1279 537 1338 sima
557 1291 606 1337 est
627 1298 659 1349 α,
686 1279 879 1356 truncigena,
917 1279 1007 1336 etiam
1034 1274 1247 1337 subterrestris
1276 1281 1358 1338 circa
1387 1277 1473 1340 basin

460 1403 642 1448 truncorum
661 1386 741 1450 locis
755 1407 885 1468 prorsus
899 1386 1007 1450 iisdem
1025 1399 1095 1447 cum
1109 1387 1335 1467 praecedente:
1356 1405 1471 1452 aestate

460 1513 493 1560 et
512 1512 673 1560 autumno.
715 1497 752 1576 β,
774 1500 851 1561 locis
869 1502 1050 1580 graminosis
1077 1498 1151 1558 binc
1170 1499 1243 1560 inde
1263 1505 1401 1562 occurrit
1420 1502 1469 1578 (ο.

457 1631 490 1691 g.
513 1610 672 1678 Moholzer
692 1609 822 1692 Haiele).
842 1643 884 1658 -
903 1609 1096 1691 Septembri,
1119 1609 1264 1672 Octobri.

828 1801 863 1880 NJ
906 1799 1110 1862 Nudae

537 1947 606 2028 599.
640 1946 679 2016 Α.
708 1946 743 2006 Ρ.
773 1949 936 2026 stipata.
969 1945 973 1960 ¹

733 2080 765 2130 ot,
788 2056 870 2117 nudo

731 2169 767 2246 β,
789 2167 1027 2252 appendiculam

458 2276 559 2340 rilem
578 2284 609 2340 iu
629 2295 711 2344 statu
731 2285 822 2344 etiam
842 2280 969 2342 humido
991 2279 1097 2342 colore
1116 2283 1226 2354 ramat,
1255 2279 1392 2360 pallens,
1413 2301 1466 2344 ru·

455 2388 597 2466 iascens,
619 2392 733 2468 livens,
755 2393 998 2474 subspadiceus,
1026 2391 1224 2454 biscesceos:
1247 2408 1385 2454 ceterum
1405 2393 1466 2454 lee-

427 2541 435 2554 ·
455 2507 518 2578 vis,
544 2504 584 2564 ad
612 2519 727 2566 tactum
750 2506 851 2568 mollis
871 2511 937 2568 sive
957 2505 1034 2583 lenis
1055 2505 1114 2581 (ad
1134 2507 1228 2564 instar
1248 2502 1312 2564 fera
1335 2505 1372 2568 P.
1395 2503 1464 2564 edu·

455 2613 518 2697 lis).
566 2618 636 2677 Ver.
657 2617 694 2694 β,
717 2619 836 2679 cortina
856 2617 955 2678 laceri
975 2616 1083 2678 villosi
1101 2615 1201 2676 albidi
1215 2616 1462 2696 appendiculam,

452 2726 618 2790 fasciculos
639 2748 733 2810 saepe
754 2735 891 2791 minores
905 2734 1068 2809 minusque
1084 2727 1245 2789 confertos
1260 2731 1351 2799 sistit,
1373 2733 1464 2788 etiam

453 2838 647 2900 subsolitaria
667 2845 813 2902 occurrit.
856 2842 995 2923 Utraque
1015 2840 1054 2900 ad
1074 2854 1203 2902 truncos
1217 2844 1319 2900 varios
1334 2845 1461 2920 passitn,

451 2955 674 3012 minime'rare.
716 2955 788 3013 Jun.
811 2967 843 3013 et
863 2972 952 3034 seqq.
974 2958 1007 3013 in
1023 2950 1237 3032 Septembrem
1257 2971 1364 3031 usque.
1434 3003 1438 3010 .

530 3061 597 3124 600.
628 3065 668 3125 A.
698 3065 732 3124 P.
762 3070 954 3145 corrugis.

453 3172 552 3234 Pileus
578 3189 662 3236 arcte
691 3176 938 3256 campanulatus,
969 3185 1066 3256 ᾗ-ι
1089 3195 1163 3236 unc.
1192 3173 1287 3247 altus,
1318 3189 1463 3256 tempore

451 3290 538 3346 sicco
560 3285 787 3368 expallescens,
810 3292 991 3367 praesertim
1012 3293 1045 3346 in
1063 3291 1189 3348 vertice.
1231 3289 1367 3366 sparsim
1391 3307 1461 3348 cre-

451 3401 511 3458 scit
529 3403 562 3458 in
582 3401 699 3478 (ipsius
720 3403 789 3480 pagi
802 3403 922 3478 nostri)
942 3371 1045 3472 aulis.
1057 3403 1176 3460 semitis
1189 3397 1362 3474 umbrosis,
1383 3399 1461 3460 hot·

451 3521 551 3570 torum
572 3509 800 3592 rejectamentis
820 3527 882 3572 etc.
925 3510 1120 3592 Septembri,
1142 3507 1287 3572 Octobri.

528 3619 597 3682 601.
629 3623 669 3684 A.
699 3623 734 3683 P.
765 3622 1059 3704 conooephala.

451 3731 624 3814 Mycaenae
650 3749 771 3794 tenerae
796 3734 889 3797 nobis
918 3754 1044 3816 quoque
1070 3737 1248 3794 memoriam
1274 3737 1377 3814 primo
1400 3731 1459 3792 ob-

450 3856 516 3904 tutu
551 3846 750 3908 restaurabat.
814 3845 913 3905 Pileus
954 3846 1071 3907 colore-
1092 3849 1241 3926 opaciore
1276 3845 1458 3906 dilutioreve

449 3955 596 4032 (sordide
616 3931 814 4038 albescente)
839 3957 964 4032 ludens,
996 3956 1108 4018 obtusa
1134 3962 1283 4030 conicus,
1312 3955 1459 4026 subsim-

449 4079 509 4128 tus.
552 4067 711 4128 Lomeilae
730 4069 862 4142 liberae,
892 4089 929 4130 er
953 4067 1109 4130 ochtaceo
1137 4067 1242 4142 rufae,
1263 4069 1335 4130 dein
1354 4073 1457 4148 nigre-
1494 4143 1501 4158 ·

447 4193 539 4240 scunt
559 4201 595 4240 ac
610 4180 770 4242 diffluunt:
793 4179 876 4241 unde
895 4180 1036 4262 Captiuis
1051 4183 1157 4260 potius
1170 4179 1362 4242 accensenda
1378 4178 1458 4240 baec

449 4295 583 4372 species.
626 4292 729 4374 Stipes
749 4291 975 4365 subbulbosus‚
1000 4291 1176 4374 elongatus,
1206 4291 1303 4354 albus.
1344 4289 1457 4352 Solita

445 4405 522 4462 nam
548 4417 581 4465 et
608 4409 784 4485 parciorem
815 4403 978 4486 aliquoties
1012 4401 1140 4486 legimus
1170 4403 1250 4466 locis
1275 4403 1456 4484 gremimsis
