3528 5482
1300 711 1332 778 v
1426 805 1429 812 .

318 913 496 986 morandi
530 911 778 984 commodum
815 907 891 1000 iam
924 909 1055 980 locum
1088 925 1223 982 nactos
1257 933 1332 983 nos

319 1073 400 1122 esse
433 1048 628 1120 laetamur.
693 1046 827 1118 Solum
859 1043 1040 1116 videlicet
1070 1062 1247 1116 nostrum
1273 1069 1331 1120 se·

201 1177 213 1218 ·'
318 1203 422 1286 ptem
465 1184 614 1256 triones
656 1181 920 1275 orientemque
963 1204 1096 1251 versus
1140 1181 1330 1278 glareosu-

320 1343 542 1406 arenosum,
586 1317 728 1414 pinetis
772 1315 892 1390 vastis
928 1340 948 1386 e
981 1319 1084 1413 Ριήοί
1113 1317 1334 1410 praesertim

318 1456 484 1554 sylvestri
510 1453 724 1540 consitum,
757 1448 884 1540 Ericd,
914 1454 1111 1536 Vocciniis,
1145 1455 1242 1524 Ledo
1266 1479 1332 1548 po·

320 1591 423 1662 lustri
449 1608 519 1662 etc.
547 1605 750 1673 onustum,
777 1585 980 1682 paludibus
1005 1586 1227 1684 ingentibus
1251 1613 1333 1684 pro·

318 1723 528 1819 fundisque
556 1724 652 1794 hinc
686 1723 778 1794 inde
802 1722 1075 1815 interruptum,
1112 1723 1332 1818 ceteroquin

320 1861 629 1947 sterilissimum,
666 1857 878 1956 fungorum
914 1873 1042 1928 tamen
1070 1857 1196 1930 omnis
1224 1881 1334 1956 gene·

320 1996 373 2068 ris
400 1995 633 2092 farraginem
659 1995 784 2066 nutrit
815 1993 1073 2064 abundantem
1099 1993 1166 2064 vix
1192 1995 1333 2066 exhau-

319 2129 515 2202 riendam:
541 2127 766 2228 vegetabilis
794 2128 898 2200 enim
923 2129 1058 2200 haecce
1085 2127 1206 2219 sylvis
1234 2129 1332 2200 anti·

321 2269 408 2364 quis
442 2265 631 2338 muscosis
665 2265 794 2360 opacis
821 2262 1033 2350 umbrosis,
1067 2264 1228 2336 humore
1252 2281 1334 2336 tan·

318 2417 405 2474 tum
439 2427 522 2474 non
555 2417 738 2496 perpetuo
773 2399 940 2497 irrigatis
975 2400 1127 2493 (quales
1153 2398 1333 2494 inprimis

321 2554 444 2610 tractu
484 2537 557 2610 illo
601 2538 730 2632 amplo
766 2534 1033 2623 continentur,
1078 2559 1191 2630 quem
1231 2536 1334 2610 inter

322 2697 439 2771 pagos
466 2673 625 2744 'Mobolz
657 2689 695 2742 et
729 2673 828 2744 Cosel
859 2687 1100 2764 porrectum,
1144 2671 1335 2744 Moholzer

276 2893 282 2900 ‚
322 2810 443 2880 Hoide
469 2808 636 2894 dictum,
664 2807 778 2878 toties
805 2805 968 2876 celebrat
993 2805 1150 2878 libellus
1165 2811 1333 2903 noster),
1390 2895 1393 2902 .

323 2943 552 3038 truncisque·
581 2942 742 3016 vetustis
774 2940 1082 3036 putrescentibus
1108 2941 1205 3015 mire
1231 2943 1332 3014 dele·

323 3067 432 3164 ctari,
467 3078 554 3172 quis
580 3073 760 3176 ignorati
796 3049 959 3172 quodsi
987 3102 1059 3172 qua
1086 3094 1214 3150 tamen
1242 3095 1335 3152 sunt

321 3205 524 3285 nemorum
558 3214 783 3300 laetiorum,
827 3211 1004 3284 arborum
1048 3209 1333 3304 frondosarum,

321 3365 518 3443 pratorum
561 3349 870 3446 graminosorum
913 3346 1103 3435 avidiore,
1149 3321 1210 3422 liis
1248 3355 1334 3424 ecce
1423 3379 1430 3388 ’

322 3482 406 3554 loca
431 3483 566 3578 patent
588 3481 777 3576 ¹fertiliora
812 3482 1064 3556 occidentalia
1092 3501 1130 3556 et
1154 3484 1333 3573 meridio-
1429 3511 1434 3518 ·

322 3619 440 3707 nulia,
468 3619 657 3706 saltuum,
687 3618 941 3704 convallium,
979 3619 1174 3690 montium
1199 3644 1333 3693 versus
1397 3627 1400 3634 ’

322 3754 436 3848 Alpes
471 3751 665 3826 Sudeticas
699 3753 842 3825 sensim
880 3754 1194 3827 adscendentium
1219 3755 1334 3829 vicis·

323 3887 491 3962 situdine
519 3911 696 3976 amoena,
725 3913 822 3984 quae
846 3891 929 3983 ipsa
956 3914 1109 3984 quoque
1140 3890 1333 3981 symbolas

322 4045 429 4110 suas,
472 4045 608 4116 easque
650 4024 876 4120 neutiquam
919 4025 1239 4114 contemnendas,
1288 4026 1334 4098 in

322 4159 543 4230 thesaurum
578 4175 757 4230 nostrum
794 4161 1000 4233 contulere.
1066 4162 1125 4232 Ad
1160 4160 1334 4258 singulas

322 4318 437 4390 porro
465 4293 615 4366 arbores
642 4262 857 4392 fungiferas
884 4296 988 4390 quod
1006 4295 1161 4386 attinet,
1189 4312 1334 4390 praeter

322 4427 507 4518 Abietem,
533 4431 713 4526 Populum
738 4432 951 4518 tremulum,
989 4429 1192 4541 Quartum,
1225 4438 1332 4505 Betu-
