3582 5482
756 693 934 712 -·-·
1310 661 1347 722 tir

329 861 349 902 s
367 841 521 922 sequente
541 838 658 915 fanni,
688 841 790 901 etism·
807 843 868 901 situ
888 859 952 900 non
972 815 1162 922 caespitoso.
1202 839 1242 902 ln
1260 843 1350 924 pino-

331 957 370 1015 tis
391 967 424 1014 et
442 951 580 1034 abiegnis
600 949 768 1034 frequens,
792 947 953 1014 autumno.
1249 953 1251 960 “

410 1063 479 1126 228.
513 1065 550 1125 L.
581 1069 829 1146 quercinum.

333 1175 488 1258 Cacspites
508 1181 621 1259 magni.
666 1153 797 1236 Radices
819 1181 987 1258 copiosae,
1021 1178 1141 1260 longae.
1189 1177 1350 1260 Frequens

331 1293 448 1352 erescit
475 1289 554 1351 baec
583 1292 709 1370 species
729 1294 761 1350 in
782 1293 899 1351 cortice
926 1294 1089 1370 vaporatio
1118 1287 1213 1366 (Seer
1230 1289 1347 1372 Aiiee),

329 1423 390 1463 nec
410 1400 482 1463 alibi
501 1401 669 1464 hactenus:
692 1405 805 1464 ceteris
826 1400 1082 1482 contemporalis.

300 1547 306 1554 ·
410 1535 494 1576 oss.
536 1515 647 1578 Genus
679 1514 759 1588 hoc,
798 1515 932 1596 siquod
960 1512 1059 1586 aliud,
1095 1515 1205 1573 iterati
1232 1515 1349 1598 indiget

329 1631 502 1689 revisione:
537 1629 597 1709 quii
616 1627 773 1700 instituti,
808 1626 849 1686 ad
869 1629 1051 1688 sententiam
1075 1625 1226 1686 Rudini-di
1246 1627 1286 1689 de
1307 1629 1346 1689 L.

331 1739 444 1800 Proteo
464 1744 640 1802 numerosis
661 1738 857 1801 varietatibus
884 1737 1103 1820 superbiente,
1133 1737 1237 1801 forsan
1257 1740 1348 1802 etad

330 1853 402 1914 alias
422 1857 601 1934 specierum
620 1849 842 1924 reductiones,
869 1871 1028 1912 reversum
1048 1855 1102 1926 iri,
1133 1867 1221 1912 oerto
1243 1857 1347 1914 omino

327 1981 523 2046 auguramur.
565 1963 670 2026 Notae
696 1969 778 2026 enim
799 1963 966 2046 specificae
986 1964 1172 2046 pleraeque,
1199 1965 1347 2027 scolere
1392 2025 1395 2032 .

329 2097 361 2138 v.
383 2095 435 2158 g.,
474 2076 591 2151 forms,
627 2081 785 2152 verrucis,
822 2076 960 2138 umbone
996 2077 1049 2154 (in
1083 2073 1253 2158 junioribus
1281 2079 1346 2141 i'are

329 2189 434 2261 nullo,
470 2193 519 2255 vix
545 2193 605 2251 nisi
631 2194 664 2249 in
690 2188 968 2252 maturescentibus
1000 2189 1103 2269 paullo
1127 2203 1197 2251 ente
1218 2193 1347 2254 corticis

328 2301 563 2392 diruptionem,
586 2305 636 2364 oui
656 2302 846 2364 inchoandae
866 2301 1037 2364 destinatus
1059 2315 1126 2374 est,
1148 2303 1347 2383 assurgente)

331 2413 511 2488 desumus,
545 2419 655 2477 aetatis
681 2413 909 2498 progredientis
934 2413 1156 2476 mutationibus
1182 2413 1262 2475 adeo
1288 2413 1348 2476 ob·

329 2530 440 2588 norim
461 2539 552 2602 sunt,
580 2541 616 2588 ut
635 2525 676 2588 de
695 2527 843 2590 limitibus
869 2527 966 2590 flnnis
991 2533 1073 2592 inter
1092 2529 1217 2610 speeies
1235 2523 1346 2590 affines

329 2637 523 2705 stabiliendis
543 2659 638 2721 saepe
658 2659 790 2722 prorsus
812 2639 1043 2722 desperandum
1063 2661 1135 2706 asse
1155 2639 1305 2704 videatur.

532 2829 578 2896 16.
622 2831 1147 2936 SCLERODER'MA.

410 2997 481 3060 229.
515 2979 546 3038 S.
577 2979 775 3038 citrinum.

329 3089 543 3174 Magnitudine
563 3093 644 3150 inter
667 3105 736 3160 μοι
754 3099 775 3169 4
793 3093 900 3153 uncias
914 3090 1010 3154 ludit:
1032 3095 1064 3152 in
1076 3093 1241 3174 gramineis
1254 3107 1346 3152 secus

328 3207 411 3275 vias,
442 3205 474 3262 in
502 3205 616 3283 pinetis
636 3215 699 3264 etc.
722 3203 864 3285 vuigare,
897 3217 1045 3268 terrestre
1064 3219 1098 3267 et
1118 3202 1363 3284 tnmcigenum.'

330 3315 458 3378 Aestate
477 3330 610 3376 exeunte
628 3327 662 3375 et
680 3329 841 3378 autuumo.

409 3425 479 3488 230.
514 3427 546 3487 S.
576 3426 825 3507 spadiceutn.
904 3455 906 3458 ·

328 3536 542 3621 Propinquum
563 3537 781 3614 antecedenti,
803 3539 860 3602 sed
873 3539 992 3602 uncinis
1007 3539 1091 3612 fere,
1114 3533 1345 3628 iaeyiuaculutu,

327 3665 498 3734 gustatum,
521 3653 720 3732 spadiceum,
743 3650 854 3715 subtus
869 3653 998 3734 pallens.
1040 3653 1152 3712 Rarius
1167 3647 1236 3708 illo:
1259 3658 1347 3706 cete·

326 3783 396 3825 rum
416 3739 496 3826 loco
511 3765 622 3842 (etiam
644 3767 801 3846 terrestri)
821 3785 860 3826 ac
880 3780 1021 3848 tempore
1040 3779 1226 3843 congruum.

409 3875 480 3939 231.
513 3879 545 3938 S.
574 3881 795 3940 cervinum.

604 4010 636 4063 α,
657 3989 857 4070 granulatim

326 4099 440 4162 Aetate
460 4099 581 4182 juniore
601 4116 689 4164 extus
709 4101 821 4184 pailet,
850 4100 909 4184 jam
931 4115 995 4160 mm
1015 4093 1236 4178 granulosumi
1265 4089 1348 4160 inim

326 4229 346 4273 a
367 4211 463 4274 dilate
483 4213 579 4275 rubro
599 4219 809 4297 purpurascit.
851 4215 970 4276 Cortex
987 4209 1062 4271 dein
1075 4208 1176 4285 magis
1191 4201 1350 4280 magisque

322 4325 486 4389 induratus
522 4327 689 4410 spadiceus
722 4327 841 4390 evadit:
875 4322 1009 4386 medulla
1035 4341 1054 4381 e
1080 4315 1176 4377 tusco
1204 4311 1349 4390 nigricat·

323 4437 457 4521 Vulgata
481 4445 606 4522 species
630 4441 754 4502 videtur
777 4445 810 4503 in
835 4441 969 4521 pinetis:
1005 4451 1073 4494 non
1105 4425 1251 4489 obstante
1270 4417 1353 4480 anim

1278 4569 1310 4610 ιι

501 4821 504 4828 ·
612 4807 624 4847 i
