3574 5486
738 665 918 682 ----
1275 631 1333 702 253,

315 833 384 874 rum
415 827 520 874 temen
555 811 736 894 eriguinte,
772 810 964 874 substantiae
1001 811 1202 895 colorumque
1234 823 1331 896 porro

215 973 222 996 ,
315 923 537 988 conformitate
552 925 642 986 valde
656 923 871 1006 propinquum
892 944 963 986 sese
982 925 1130 987 ostendit
1170 927 1330 990 Rariorem

314 1039 399 1102 brmc
418 1037 594 1100 caudicibus
616 1038 827 1100 semimortuis
849 1035 960 1098 Selleis
983 1035 1074 1098 ollae
1091 1039 1329 1116 increscentem,

315 1152 486 1214 soliterirun
502 1151 774 1234 subgregerimnve
790 1150 955 1231 aliquoties
975 1152 1149 1233 reperimus
1170 1154 1217 1232 (v.
1241 1175 1267 1214 c.
1291 1153 1331 1216 ed

318 1259 508 1351 Ullersclcrfr
538 1258 774 1352 Thimenrlors)
789 1263 1022 1338 eutumnnlem,
1057 1279 1194 1328 ceterum
1220 1267 1331 1350 procul

314 1376 412 1438 dubio
432 1397 613 1460 perennem.

392 1490 462 1569 751.
495 1489 531 1550 B.
559 1488 774 1550 velutinns.

588 1587 622 1674 n,
645 1597 730 1660 albus

522 1765 526 1780 ,
588 1711 624 1789 β,
648 1712 791 1772 lucescens

312 1827 435 1890 Crescit
454 1847 517 1887 ver.
539 1847 571 1899 n,
593 1839 656 1886 tots
685 1824 753 1886 albe
780 1829 813 1884 in
832 1823 922 1907 lignis
943 1826 1032 1888 siccis
1053 1843 1162 1907 purum
1182 1823 1328 1909 nequens

286 1919 491 2018 ’(Μοὴοίκεν
511 1937 634 2018 liniris)
653 1937 762 2020 Aprili.
803 1941 877 1999 Ver.
899 1936 936 2014 β,
966 1939 1040 1999 item
1070 1954 1248 2001 truncorum
1277 1961 1328 2000 rn-

310 2071 495 2134 morutnque
520 2051 679 2112 aridorum
705 2053 856 2110 veriormn
887 2049 1008 2125 incole,
1044 2051 1100 2114 sed
1129 2053 1269 2114 crebrior
1295 2068 1329 2115 et

311 2165 513 2238 autumnalis,
540 2162 647 2226 differt
673 2163 753 2245 pileo
780 2162 922 2244 inprimis
949 2183 1041 2225 secus
1062 2162 1171 2226 lescies
1200 2164 1327 2243 (distin-

311 2276 430 2338 ctiores
452 2295 542 2358 quem
562 2279 594 2335 in
615 2279 666 2356 n,)
687 2275 875 2336 lucescente:
897 2296 956 2336 une
969 2276 1139 2358 eademque
1153 2297 1224 2340 esse
1237 2279 1325 2340 vide-

204 2373 211 2390 '
311 2403 362 2449 tur
380 2407 452 2450 cum
467 2389 503 2448 B.
524 2388 685 2448 lentescente
698 2389 795 2460 Peru,
817 2387 875 2448 sed
894 2409 978 2450 mern
1000 2389 1131 2451 omnino
1152 2403 1201 2452 est
1222 2391 1259 2452 li.
1274 2413 1325 2451 ue·

309 2501 398 2563 berlei
416 2501 559 2564 verietns.
603 2501 678 2560 Pori
697 2505 820 2582 utrique
840 2499 1039 2577 conformes,
1060 2501 1159 2584 perri.
1202 2506 1323 2566 Occur-

308 2615 351 2676 rit
370 2615 449 2676 hnec
468 2613 541 2674 binc
562 2613 665 2689 illine,
687 2613 882 2695 Septembri,
905 2613 1048 2676 Octobri.

387 2727 457 2806 75²·
490 2726 528 2786 B.
554 2715 784 2786 cclrr‘eceus.

309 2837 410 2900 Pileus
430 2842 478 2898 vix
497 2853 646 2912 tonnus,
680 2837 807 2900 sordide
838 2837 950 2900 fulvus.
992 2840 1091 2922 Fungi
1118 2827 1254 2921 juniores
1274 2854 1324 2903 to·

307 2967 446 3014 mentmn
465 2951 560 3012 molle
579 2955 654 3013 setis
674 2951 823 3024 densmu,
846 2971 864 3012 e
885 2952 980 3014 latere
1001 2967 1208 3034 conspectum
1229 2971 1324 3014 cene·

307 3084 418 3138 scens,
455 3079 554 3125 eetete
585 3063 807 3145 progrediente
836 3069 950 3126 sensim
985 3063 1252 3140 subevnnescens,
1276 3069 1322 3124 in

306 3177 391 3258 pileo
404 3191 525 3260 genunt.
566 3177 752 3258 Neutiquam
766 3196 833 3238 rnre
846 3181 970 3258 species
982 3177 1024 3238 nd
1039 3190 1183 3251 trunces,
1205 3195 1320 3251 remos,

305 3288 385 3371 ligne
413 3294 445 3348 in
477 3289 632 3372 sylvaticis
658 3287 819 3352 frondosis
845 3295 980 3372 passim:
1014 3304 1162 3351 eutumno
1183 3289 1323 3351 ·velutinr

304 3404 518 3482 intentiusque
540 3401 693 3477 coloretn,
721 3422 795 3464 vere
815 3402 997 3464 leevluscule
1017 3417 1051 3462 et
1077 3401 1212 3463 dilutior.
1255 3403 1322 3479 (lte

304 3533 365 3574 nec
393 3519 426 3573 in
450 3511 657 3577 antecedente
684 3535 760 3576 vero
792 3513 934 3578 absimile
964 3529 1032 3587 est,
1048 3580 1050 3589 y
1067 3513 1104 3572 Β.
1132 3511 1322 3573 lacescentem

305 3625 510 3686 autumnalem
531 3625 642 3709 hyeme
656 3628 785 3690 durante
804 3625 927 3688 nivibus
947 3641 1009 3686 etc.
1032 3634 1219 3684 uincentum
1240 3626 1321 3686 erel-

303 3737 452 3810 bescere,
474 3739 605 3800 scinde
624 3743 657 3799 in
677 3741 714 3800 Β.
735 3740 901 3800 celerinum
921 3736 1075 3798 vernalem
1099 3737 1320 3815 nensmutrri).

270 3895 274 3902 .
303 3849 354 3911 Ab
375 3833 509 3910 Octobri
528 3855 561 3910 in
580 3851 720 3933 Aprilem
740 3869 851 3934 usque.
892 3880 895 3892 ·

381 3961 452 4042 753.
485 3963 523 4025 B.
552 3964 796 4026 versicolor.

578 4077 770 4156 multigenis

576 4209 608 4272 γ,
630 4191 786 4272 stipitotns

185 4293 196 4309 ⁸
267 4343 272 4350 .
303 4297 404 4359 Pileus
423 4319 495 4362 mox
514 4305 616 4364 minus
636 4306 770 4383 magisve
790 4311 1006 4371 torrentesut,
1034 4311 1112 4354 mox
1130 4291 1224 4353 laevis
1244 4291 1322 4354 iere.

302 4412 518 4493 vulgatissimo
538 4429 588 4476 est
609 4435 641 4484 n,
663 4412 703 4474 ed
731 4427 857 4472 truncos
883 4415 1002 4482 varios,
1032 4425 1052 4466 e
1080 4402 1196 4484 quibus
1223 4413 1328 4463 tem‘m
