3528 5482
1274 713 1328 778 m

311 907 533 1002 habendum
555 929 620 980 sex
649 907 815 980 brachiis
849 906 1037 981 instructo
1062 911 1107 1003 (l.
1124 935 1152 981 c.
1172 905 1270 1014 fasc,
1297 939 1327 984 r.

310 1069 398 1143 pag.
418 1041 506 1134 51)l
535 1061 572 1118 et
587 1045 730 1116 similia
746 1045 923 1139 plurima.

388 1191 439 1254 At
452 1181 494 1252 in
513 1185 720 1273 systemate
736 1206 816 1276 non
837 1198 985 1254 tanturn
1002 1182 1242 1274 innovando,
1264 1185 1329 1273 sed

313 1317 427 1388 etiam
461 1317 686 1416 generibus,
707 1316 899 1404 familiis,
937 1317 1134 1414 speciebus
1164 1322 1329 1417 locuple·

312 1455 429 1528 tando
457 1455 606 1526 summit
624 1456 769 1526 cautela
786 1478 882 1551 opus
901 1479 980 1529 esse
997 1457 1231 1551 experientiis
1248 1482 1328 1530 ma·

313 1589 430 1688 gistris
450 1590 596 1679 edocti,
624 1615 762 1688 genera
787 1617 890 1664 nova
913 1592 1076 1672 'nonnisi
1106 1594 1203 1682 duo,
1231 1594 1328 1668 locis

312 1726 392 1800 suis
419 1729 520 1800 ultra
545 1727 795 1818 illustranda,
823 1729 1033 1800 Pboliehum
1058 1733 1328 1826 Ceratiumque,

311 1863 549 1960 totidemque
576 1862 765 1952 familias,
794 1867 998 1965 Xylornuta
1022 1889 1160 1961 nempe
1183 1867 1329 1966 epinylo

252 2037 256 2051 =
312 2003 514 2074 etAecidia
539 2003 691 2089 acicula,
719 1983 961 2076 admisimus:
1018 2007 1099 2074 Nec
1122 2002 1164 2074 in
1194 2004 1330 2098 specie·

312 2160 399 2214 rum
425 2159 589 2210 numero
611 2137 787 2234 augendo
814 2139 908 2234 pede
926 2137 1032 2230 iusto
1059 2139 1243 2235 proniore
1268 2140 1328 2209 lu-

311 2273 563 2370 bentioreque
591 2274 818 2369 processisse
845 2299 919 2348 nos
941 2291 1139 2371 putamusz
1185 2271 1329 2374 fungos

311 2409 441 2507 potins
463 2409 562 2482 bene
589 2411 735 2484 multos
751 2415 998 2510 Agaricorum
1022 2411 1246 2508 praeprimis
1264 2435 1327 2510 ge·

310 2545 415 2620 neris
431 2545 722 2634 intricatissimi,
751 2545 876 2642 specie
895 2545 1059 2620 forsitan
1075 2547 1229 2644 proprii
1246 2573 1327 2620 non

313 2683 518 2780 indignos,
554 2683 781 2754 varietatum
813 2685 902 2756 loco
926 2685 1066 2756 vicinis
1094 2686 1327 2772 subnectere,

281 2837 284 2844 ’
314 2788 429 2915 quam
453 2844 571 2892 manu
596 2819 729 2914 paullo
759 2821 958 2892 audaciore
992 2819 1185 2910 seiunctos
1211 2819 1330 2892 intro-

315 2953 449 3026 ducere
469 2957 690 3030 maluimus.
729 2958 891 3054 Quodsi
915 2957 983 3052 qui
1004 2956 1263 3030 nihilominus
1281 2956 1327 3027 ab

256 3071 271 3078 ⁶
313 3090 400 3164 aliis
427 3090 576 3186 pridem
605 3094 784 3189 descripti
802 3092 903 3166 inter
920 3117 1045 3164 novos
1069 3091 1327 3166 nostratesir·

314 3227 520 3324 repserint,
549 3230 650 3302 haud
677 3230 771 3304 adeo
796 3227 1003 3302 difficilem
1020 3226 1157 3301 erroris
1172 3229 1328 3300 veniam

314 3367 501 3438 ruricolas
524 3389 614 3452 nos,
651 3391 672 3438 a
699 3366 885 3438 thesauris
910 3361 1177 3472 μητροπολεων
1200 3364 1327 3435 litera·

314 3501 400 3588 riis,
423 3501 750 3576 ‚bibliothecarum
776 3502 922 3574 scilicet
939 3499 1127 3592 majorum
1151 3500 1327 3572 iconum·

200 3707 202 3710 .
316 3661 388 3733 que
405 3638 677 3734 pretiosiorum
694 3639 966 3725 -·Bulliardi,
992 3635 1179 3724 Sorverbei,
1205 3639 1328 3709 Bclto·

314 3779 382 3864 nii,
408 3769 609 3874 Sclrdffe'ri,
635 3775 812 3862 Michelii,
839 3773 996 3846 Botsclu'i
1022 3791 1091 3847 etc.
1107 3814 1159 3828 —
1180 3797 1253 3845 usu
1278 3797 1331 3844 re·

313 3911 569 3998 motissimos,
620 3937 639 3984 a
671 3911 863 4003 judicibus
895 3909 1023 4004 aequis
1059 3910 1330 4002 impetraturos

315 4071 531 4142 speramusr
558 4047 749 4120 undenec
776 4047 1029 4138 synonymiae
1055 4069 1175 4141 paene
1204 4043 1331 4118 omnis

221 4223 230 4236 ι
315 4181 525 4269 defectum,
561 4209 637 4280 quo
671 4184 821 4256 laborat
854 4183 1010 4254 libellus
1042 4198 1193 4267 noster,
1226 4201 1330 4251 seve·

314 4320 413 4393 tiore
440 4320 628 4394 sententid
655 4321 926 4416 reprehensum
950 4318 1000 4390 iri
1026 4299 1263 4389 arbitramur.
1279 4353 1331 4370 -·

314 4457 385 4532 Sed
401 4455 650 4553 fuerepomo
668 4473 814 4554 praeter
838 4455 979 4551 species
997 4477 1118 4526 novas
1135 4453 1178 4523 in
1198 4450 1332 4523 civita·

1259 4583 1280 4657 b
1358 4623 1366 4640 .
