3528 5482
716 719 894 736 ..........
1275 709 1310 768 ,7

373 867 423 928 51.
456 869 486 926 S.
515 871 693 947 spinosa.

294 965 479 1062 Plerumque
507 979 829 1050 unbounte-ell'usa,
864 983 1001 1040 omnium
1022 983 1234 1056 voracissima,
1263 1003 1310 1043 ra-

294 1113 364 1155 mos
390 1109 477 1154 totos
505 1093 599 1176 longe
627 1093 750 1175 listeque
777 1097 922 1174 cingens,
953 1097 1015 1154 imo
1034 1093 1211 1156 arbusculas
1230 1099 1310 1156 inte·

293 1226 362 1288 gras
391 1206 570 1280 obducens,
604 1207 782 1288 lignumque
801 1207 841 1268 ad
862 1227 1011 1270 suminam
1037 1227 1136 1290 usque
1156 1205 1308 1270 levitatem

294 1335 327 1380 et
346 1318 537 1402 fragilitatem
559 1321 735 1403 exsugendo
755 1341 879 1382 necans.
920 1319 959 1382 Iu
979 1321 1069 1404 sylvis
1089 1320 1194 1382 densis
1206 1319 1308 1382 humi·

294 1413 342 1493 «lis
369 1433 517 1515 vulgaris,
547 1433 658 1516 Populi
684 1437 825 1518 inprimis
855 1433 1001 1493 tremulae
1028 1439 1181 1496 sectatrix.
1235 1433 1308 1492 Per-

294 1551 392 1608 cunis.

554 1756 582 1802 li.
613 1755 1044 1804 TUBERCULATAE.

372 1886 422 1946 52.
457 1886 488 1946 S.
517 1883 759 1968 ferrugines.

293 1996 398 2058 Puluis
418 1997 677 2080 subcumpactus,
705 1998 806 2060 vivide
832 1999 1032 2084 ferrugineus.
1081 1999 1200 2060 Osticla
1228 2020 1309 2062 non·

291 2131 459 2194 numquam
486 2111 677 2187 subdistant,
709 2127 744 2172 ut
776 2129 882 2174 cortex
910 2112 1051 2194 pustulae
1075 2110 1162 2174 rufus
1188 2111 1307 2194 ligneus

291 2229 374 2285 inter
394 2245 430 2286 eo
449 2241 607 2306 appareat.
658 2225 694 2286 ln
721 2225 803 2307 ligno
830 2225 956 2308 corylao
976 2225 1056 2286 duro
1077 2229 1185 2288 sicco:
1215 2245 1306 2306 vege-

292 2353 354 2398 tam
381 2337 543 2401 habuimus
570 2339 670 2420 Aprili
698 2337 946 2418 (liiiuigslolz),
976 2338 1149 2420 sphaerulis
1176 2337 1306 2420 gelatini

289 2455 460 2534 nigricante
480 2451 621 2528 refertis;
644 2453 704 2534 qui
725 2449 817 2512 orbas
838 2451 969 2514 vidimus
989 2449 1183 2528 (Saldander
1202 2451 1304 2531 Berg)
1424 2502 1427 2507 .

289 2565 434 2626 Octobri
816 2583 821 2589 ·
1226 2565 1229 2570 '

367 2676 419 2740 53.
452 2680 483 2740 S.
513 2678 687 2740 ciliata.·
797 2707 800 2714 ⁴

287 2791 395 2854 variat
416 2791 530 2852 ostiolis
549 2791 686 2853 laevibus
706 2791 758 2870 (in
777 2787 878 2869 Alco)
907 2803 940 2851 ct
958 2787 1086 2850 rudibus
1106 2793 1126 2849 i
1146 2809 1173 2850 e.
1194 2809 1305 2871 super·

287 2903 361 2966 licie
382 2905 529 2988 inaequali
558 2909 736 2986 conspicuis
762 2906 814 2982 (in
837 2902 943 2987 Cytiso
972 2899 1155 2982 Laburnc);
1184 2907 1305 2964 tenuio-

287 3017 375 3081 ribus
396 3035 428 3080 et
448 3018 652 3080 crassioribus
680 3019 729 3096 (in
752 3019 854 3078 Pruno
876 3015 1060 3088 domestici,
1093 3015 1147 3076 ubi
1166 3035 1225 3098 per
1247 3017 1303 3076 Pe·

288 3133 386 3192 tizam
406 3133 562 3214 prunastri
582 3128 864 3193 umacrescentcm
884 3133 1086 3211 invenimus).
1128 3129 1225 3192 Vere.

368 3245 418 3325 64.
452 3249 483 3308 S.
514 3243 727 3306 fimbriata

565 3380 597 3431 α,
621 3357 841 3440 approximaret

564 3469 600 3547 β,
623 3470 739 3531 distans
851 3497 854 3506 ·

285 3581 324 3662 β,
347 3585 442 3646 semel
462 3599 579 3644 tantum
602 3589 742 3657 inventa,
770 3599 802 3644 et
829 3579 969 3644 eiusdem
990 3577 1114 3662 quidem
1135 3578 1198 3640 loci
1217 3596 1302 3639 natu-

286 3697 345 3772 lis,
368 3702 420 3780 qui
441 3719 473 3772 u,
495 3697 696 3778 vulgatiorem
717 3695 818 3768 fovet,
840 3699 1017 3777 particeps:
1040 3709 1146 3752 verum
1167 3689 1208 3750 ob
1227 3691 1301 3752 clm-

285 3826 440 3872 raoterem
459 3813 652 3892 principem,
683 3807 862 3892 sphaerulas
888 3810 1030 3866 nimirum
1060 3803 1179 3884 aliquot
1199 3805 1303 3866 solua-

284 3930 348 3986 rias
380 3928 463 3985 circa
497 3923 700 4004 caespitulum
740 3921 907 3984 centralem
950 3935 1091 4000 sparsas,
1130 3937 1202 3977 cum
1236 3937 1299 3978 ver.

172 4099 175 4106 .
286 4037 412 4118 corylcl
438 4017 567 4098 ornuino
606 4034 822 4118 conjungenda
849 4031 917 4094 fuit.
946 4064 988 4082 -
1013 4029 1190 4090 Autumno:
1229 4051 1319 4091 voro)

285 4149 408 4210 effoeta.

365 4261 416 4324 55.
449 4265 481 4324 S.
513 4263 733 4324 Prunastri.

563 4398 597 4448 α,
621 4375 718 4434 Prunr'

562 4485 624 4564 aa,
646 4483 740 4550 suu
