3582 5482
743 703 997 728 ffl-
1296 675 1337 738 62

322 860 400 922 haec
436 863 576 933 viscosa,
615 861 787 940 augmentis
818 855 892 918 licet
924 857 1127 936 anicroscopii
1167 859 1336 937 compositi

317 978 451 1038 summis
478 971 679 1054 perlustrate,
713 989 843 1052 prorsus
879 969 1060 1049 nuorphaut
1085 987 1156 1030 sese
1188 967 1333 1044 exhibuit,

322 1105 383 1147 nec
415 1085 575 1146 thocarmn
611 1101 814 1165 sponsumve
856 1080 1008 1140 nudarmn
1044 1085 1205 1162 vestigium
1234 1075 1336 1142 'ullum

323 1202 519 1266 monstravit;
543 1195 630 1279 quod
649 1197 855 1255 immatun'tati
876 1191 943 1274 ejus
961 1192 1176 1273 imputandum
1196 1213 1267 1256 esse
1288 1199 1335 1255 vi·

323 1307 500 1370 dama-112
526 1327 657 1390 prorsus
683 1319 836 1367 maturato
856 1309 939 1366 enim
958 1303 1053 1386 lanugo
1068 1310 1190 1372 ,semim
1210 1306 1336 1398 demum

322 1422 451 1503 perlici,
493 1420 645 1502 sisuulque
679 1441 739 1500 per
777 1419 899 1500 glutinis
936 1407 1174 1479 exsiccationem
1209 1418 1337 1480 liberata

322 1536 355 1593 in
374 1540 477 1594 aierem
497 1532 643 1593 fumando
663 1531 803 1605 avolare,
832 1549 850 1588 e
871 1533 989 1610 speciei
1017 1532 1235 1612 praecedentis
1263 1553 1336 1594 ana·

323 1645 403 1727 logii
429 1665 505 1705 vcro
537 1644 620 1706 haud
646 1643 783 1704 absimile
809 1657 867 1704 est.
896 1673 936 1690 -
970 1641 1059 1703 Loco
1096 1664 1155 1705 suo
1191 1649 1333 1726 copiose.

323 1757 494 1818 Perennut:
516 1761 598 1840 viget
617 1757 719 1828 Maio,
741 1755 853 1814 lunio:
875 1769 991 1816 aestate
1014 1770 1047 1839 et
1065 1771 1212 1816 autumno
1232 1761 1265 1817 in
1285 1777 1336 1820 se-

323 1884 472 1932 nescente
502 1872 629 1931 corticis
657 1867 754 1930 frusta
774 1864 981 1941 scutiformia,
1017 1867 1184 1929 admodum
1211 1869 1336 1954 demum

324 1979 469 2055 ffiebfln,
499 1981 616 2062 dilapsa
636 1995 787 2063 pereunt:
821 1979 965 2056 nucleus,
996 1983 1083 2040 utin
1102 1983 1143 2042 Χ.
1162 1981 1255 2054 Piui,
1283 2002 1336 2044 cx-

325 2099 458 2156 siccutus
479 2093 679 2154 contrahitur.

407 2212 473 2290 ¹74·
506 2207 550 2267 X.
579 2184 796 2266 acesinum.

599 2305 668 2394 Bll,
683 2315 844 2386 betuliaum

315 2429 568 2505 ¹Maculsafonue
588 2444 681 2491 tenue
702 2431 897 2511 upplanatmn
918 2429 1013 2490 laeve.
1064 2427 1210 2491 Maeuiae
1232 2437 1336 2518 nigrae

324 2539 485 2604 difformes
519 2541 621 2622 5-4
647 2541 814 2616 linearum,
850 2541 1058 2604 subrotmadna
1090 2541 1143 2604 vel
1171 2542 1333 2626 oblongae,

325 2671 466 2735 sparsae,
488 2675 619 2736 pascae,
640 2659 688 2715 vix
706 2675 854 2736 rugosae,
877 2655 1090 2736 planissimae,
1112 2654 1188 2716 folio
1209 2676 1267 2723 suo
1282 2677 1336 2738 pa-

321 2786 391 2826 rum
412 2770 598 2842 crassiores,
625 2773 701 2830 satis
726 2787 865 2849 opacae,
899 2765 1069 2828 substantii
1089 2773 1171 2830 ionas
1190 2768 1258 2829 albe
1279 2769 1337 2830 du-

323 2878 455 2942 riusculi
475 2877 599 2941 hactus.
644 2881 851 2954 Discrimina,
884 2882 965 2940 mter
992 2880 1073 2948 hanc
1094 2897 1127 2941 et
1145 2902 1209 2943 var.
1233 2904 1265 2955 n,
1287 2885 1335 2941 in·

324 2990 534 3068 tercedentia,
555 2997 642 3075 parvi
663 3013 738 3056 sane
757 2996 909 3054 momenti
929 3011 1015 3067 esse,
1046 3012 1107 3054 uec
1134 2993 1174 3054 ad
1194 2999 1336 3076 speciem

322 3103 525 3184 separandam
553 3104 697 3166 sufficere
725 3105 879 3165 videntur.
928 3103 1018 3166 Initia
1038 3103 1105 3187 ejus
1124 3111 1156 3166 in
1177 3105 1258 3169 loliis
1279 3106 1335 3168 be·

322 3215 427 3278 munta
446 3217 597 3298 projectis
618 3221 711 3279 siccis
731 3222 846 3298 passim
873 3232 1059 3292 occurrunt;
1088 3219 1145 3280 sed
1165 3221 1335 3300 specimina

322 3327 463 3409 perfectu
481 3327 650 3390 admodum
669 3349 736 3390 rara
759 3330 856 3391 setuol
877 3343 994 3390 tuntum
1013 3329 1094 3392 lecta
1112 3329 1200 3393 fuere
1220 3333 1333 3408 (Anu-
1414 3407 1418 3426 Ι

311 3435 431 3528 'dorset
450 3443 587 3522 Berge),
607 3441 712 3504 medio
733 3443 843 3522 Aprili.

405 3553 470 3634 175.
502 3555 546 3614 X.
576 3561 824 3636 punctatum.

325 3664 468 3725 Maeuiae
487 3667 690 3756 sstnuncialcs
711 3681 743 3728 et
761 3666 857 3741 adtrn,
878 3669 980 3740 uuae,
1002 3665 1101 3728 fanni
1120 3671 1242 3740 variae,
1265 3669 1336 3749 ple·

322 3797 452 3860 rumque
472 3794 575 3840 tamen
603 3777 830 3852 subrotundae;
864 3800 991 3861 quarum
1013 3774 1191 3867 superficies
1210 3797 1336 3864 practer

323 3905 437 3970 puncta
456 3891 506 3952 vol
527 3891 685 3952 tubercula
712 3891 887 3973 prominula
910 3892 1058 3952 colliculis
1079 3883 1170 3952 etium
1190 3892 1335 3972 opplanu-

326 4006 380 4076 tis,
402 4001 560 4084 oblongis,
590 4003 755 4078 flexuosis,
788 4007 871 4085 rugis
891 4003 1021 4084 plicisve
1040 4007 1262 4077 incontinens,
1284 4017 1334 4063 ut-

322 4114 487 4194 plurimum
507 4120 649 4198 insignita
669 4121 822 4178 comitur:
851 4119 884 4176 in
909 4113 1036 4176 frustula
1056 4101 1180 4177 demum
1200 4137 1259 4198 per
1277 4115 1340 4179 ns·

310 4245 410 4288 -suras
441 4231 540 4291 varias
574 4229 723 4310 dilapsam
750 4228 910 4310 aliquoties
936 4233 1119 4292 invenimus.
1174 4231 1335 4312 Frequens
1400 4301 1402 4306 ,

323 4354 460 4420 occupat
487 4340 560 4400 folia
587 4341 671 4402 asido
699 4341 830 4403 decidua
856 4341 965 4402 Aceris
986 4340 1241 4423 Pseudoplasaui,
1274 4363 1334 4404 noc

322 4449 388 4510 alin.
433 4451 611 4528 Autumno,
632 4473 724 4515 vere:
747 4453 901 4516 exoletum
920 4467 1047 4517 aestate.
