3468 5486
452 691 511 754 310
867 727 1048 742 ----—

452 873 577 936 sordide
599 871 957 954 almanno-fuliginosa,
986 875 1067 932 varie
1088 871 1236 934 llexnosn.
1278 873 1373 935 Notis
1392 872 1471 934 hane

452 986 592 1067 plurimis
620 985 660 1046 ad
681 955 723 1046 Ρ.ι
738 985 890 1066 grandem
911 985 1044 1068 Synops.
1072 1005 1105 1067 p.
1128 985 1199 1045 636.
1221 982 1291 1064 637.
1318 985 1471 1046 accedere

452 1102 483 1158 in
509 1102 618 1179 aprico
645 1103 711 1161 est':
744 1099 801 1160 sed
829 1111 1011 1159 constanter
1037 1097 1113 1158 hinc
1138 1096 1228 1158 hiens
1253 1117 1352 1178 neque
1378 1116 1416 1158 ac
1437 1119 1469 1167 o.

452 1211 644 1306 dimidiatru,
666 1231 726 1272 nec
746 1213 853 1292 ntique
873 1210 985 1270 limites
1006 1213 1188 1270 transituum
1209 1203 1290 1271 inter
1309 1225 1471 1291 utramque

453 1327 531 1386 certi
550 1325 602 1384 ulli
624 1337 777 1405 prostant.
800 1356 841 1370 -
859 1317 1054 1404 Septembri,
1077 1321 1219 1382 Octobri.

531 1457 602 1518 927·
637 1437 673 1499 P.
701 1438 881 1495 onotica.

455 1547 585 1610 Pulchra
606 1551 740 1628 species.
786 1546 879 1609 Color
897 1544 1044 1628 pallidus,
1066 1549 1251 1626 praesertim
1271 1550 1354 1609 inms
1373 1547 1473 1608 rosel·

453 1660 502 1722 lus
519 1675 572 1722 aut
590 1659 686 1722 dilute
706 1659 891 1721 violescens.
934 1660 1022 1717 Beris
1042 1663 1125 1720 intus
1146 1663 1345 1721 transversim
1359 1659 1474 1740 plicata

454 1771 640 1836 colliculosa.
680 1773 781 1832 Pauca
800 1771 896 1834 semel
916 1771 1046 1852 legimus
1073 1775 1263 1851 specimina,
1293 1774 1376 1832 inter
1395 1791 1472 1852 qrrae

454 1901 557 1946 tamen
577 1889 651 1946 item
671 1905 766 1946 unum
787 1897 853 1944 erat
870 1899 1084 1945 monstrosum
1105 1887 1313 1946 venta-icono-
1325 1883 1473 1946 ucmfor·

453 2017 505 2060 me
525 2002 652 2080 ingens,
680 1995 825 2057 eunctis
848 1996 1168 2077 diarnetro‘eequans.
1210 1996 1296 2056 Inter
1318 1995 1391 2056 lolia
1411 2017 1473 2077 pu-

454 2111 533 2172 trida
552 2115 585 2171 in
604 2109 753 2192 populeto
777 2107 1009 2172 umbrosissimo
1037 2107 1217 2186 (Mahalzer
1238 2097 1370 2188 Halala).
1412 2109 1473 2170 Ex·

454 2237 547 2286 etmte
566 2224 666 2284 lunio.

532 2335 603 2419 928.
636 2336 673 2394 P.
702 2337 896 2396 nutantia.

453 2448 586 2511 Duobus
607 2418 723 2508 numm
744 2447 822 2510 locis
849 2447 1001 2510 hactenns
1025 2419 1171 2529 repertus
1197 2445 1308 2529 fimgne
1326 2443 1473 2528 pulcher-

454 2567 569 2624 rlrnusa
599 2563 633 2620 in
659 2564 774 2621 cortice
805 2563 937 2620 coriario
964 2559 1061 2640 (δεον
1091 2555 1279 2640 Lalagrnben
1305 2556 1474 2642 hequem)

454 2679 549 2758 inque
569 2673 725 2734 umbrosis
744 2671 905 2734 feondosis
932 2674 984 2750 (in
1004 2676 1146 2734 acumine
1166 2675 1280 2734 montis
1302 2669 1474 2733 Libauien·

320 2837 323 2844 .
456 2790 522 2867 sis).
564 2783 757 2867 Septembri,
781 2785 927 2846 Octobri.

532 2919 601 2981 929.
634 2899 669 2958 P.
699 2896 889 2958 umbrina.

455 3011 586 3074 Senem-ri
606 3014 701 3072 veriat
720 3025 753 3070 et
772 3008 892 3070 sormi:
913 3028 1145 3090 nonnumquam
1163 3013 1272 3071 eximie
1286 3011 1471 3092 irregularis,

453 3123 542 3186 valde
570 3137 728 3196 contorta,
755 3120 857 3200 3-4
883 3141 955 3184 unc.
992 3141 1109 3204 magna.
1162 3121 1258 3185 Erms
1290 3121 1473 3205 plerumque

453 3237 589 3301 dilutior.
631 3235 670 3295 ln
688 3239 828 3298 arenosis
849 3237 966 3316 (saepe
985 3235 1094 3316 nudis)
1110 3239 1222 3317 npricis
1241 3233 1472 3316 ambrosioque,

455 3348 644 3412 carboneriis
665 3363 727 3412 etc.
749 3352 865 3430 passim
886 3347 1044 3430 frequens.
1092 3347 1240 3422 Aestate,
1269 3363 1430 3409 autumno.

533 3459 603 3543 930.
638 3461 673 3522 P.
704 3461 905 3522 alutecea.

731 3595 762 3646 α,
785 3574 954 3632 communis

730 3683 792 3764 ββ,
813 3685 980 3745 vesiculam

731 3819 786 3880 γγ,
811 3797 960 3857 aridulam

456 3915 548 3976 Varr.
570 3929 679 3974 omnes
699 3925 763 3973 tres
783 3925 870 3974 extas
896 3909 1014 3972 lurline
1036 3909 1121 3972 tenui
1141 3909 1246 3972 ubido
1270 3925 1473 3989 conspersae.

456 4021 494 4086 ln
515 4047 547 4099 α,
576 4024 723 4105 exemplis
749 4023 922 4084 minoribus
948 4027 1038 4084 rnixta
1064 4023 1182 4104 majora
1206 4020 1372 4092 nonnulla,
1403 4020 1475 4102 plus

456 4141 558 4201 minus
578 4137 751 4211 dillonnia,
780 4135 846 4197 basi
865 4139 947 4196 intus
968 4155 1100 4218 rugosa,
1130 4151 1217 4198 extus
1236 4132 1325 4195 valde
1344 4134 1474 4194 lacuno-

456 4270 510 4314 sa:
531 4251 611 4312 haec
630 4249 777 4332 gradatim
799 4263 960 4310 transeunt
979 4253 1011 4308 in
1029 4245 1091 4324 ββ,
1114 4261 1342 4320 monstrosam,
1367 4263 1474 4306 sacca·

456 4377 538 4438 tam,
568 4367 703 4444 margine
724 4367 805 4424 varie
826 4365 973 4434 incisam,
996 4365 1078 4422 intus
1098 4357 1309 4422 colliculoso·
1322 4373 1472 4420 costarum

456 4493 552 4556 saepe
572 4476 729 4558 pustulam
742 4511 757 4524 -
769 4475 990 4545 vesiculomm,
1016 4489 1102 4534 extus
1123 4471 1309 4546 larinosam,
1331 4467 1473 4551 quando·
