<?xml version="1.0" encoding="UTF-8"?>
<!DOCTYPE html PUBLIC "-//W3C//DTD XHTML 1.0 Transitional//EN"
    "http://www.w3.org/TR/xhtml1/DTD/xhtml1-transitional.dtd">
<html xmlns="http://www.w3.org/1999/xhtml" xml:lang="en" lang="en">
 <head>
  <title>
</title>
<meta http-equiv="Content-Type" content="text/html;charset=utf-8" />
  <meta name='ocr-system' content='tesseract 3.04.00' />
  <meta name='ocr-capabilities' content='ocr_page ocr_carea ocr_par ocr_line ocrx_word'/>
</head>
<body>
  <div class='ocr_page' id='page_1' title='image "./conspectusfungo00persgoog_0220.png"; bbox 0 0 3582 5482; ppageno 0'>
   <div class='ocr_carea' id='block_1_1' title="bbox 765 673 1353 758">
    <p class='ocr_par' dir='ltr' id='par_1_1' title="bbox 765 673 1353 758">
     <span class='ocr_line' id='line_1_1' title="bbox 765 673 1353 758; baseline 0.007 -28"><span class='ocrx_word' id='word_1_1' title='bbox 765 709 942 730; x_wconf 72' lang='lat'><em>...-</em></span> <span class='ocrx_word' id='word_1_2' title='bbox 1091 750 1096 758; x_wconf 73' lang='lat'><em>,</em></span> <span class='ocrx_word' id='word_1_3' title='bbox 1300 673 1353 736; x_wconf 78' lang='lat'><strong>161</strong></span> 
     </span>
    </p>
   </div>
   <div class='ocr_carea' id='block_1_2' title="bbox 420 853 838 934">
    <p class='ocr_par' dir='ltr' id='par_1_2' title="bbox 420 853 838 934">
     <span class='ocr_line' id='line_1_2' title="bbox 420 853 838 934; baseline -0.012 -16"><span class='ocrx_word' id='word_1_4' title='bbox 420 853 488 934; x_wconf 77' lang='grc'>458.</span> <span class='ocrx_word' id='word_1_5' title='bbox 519 856 559 918; x_wconf 95' lang='lat' dir='ltr'><strong>A.</strong></span> <span class='ocrx_word' id='word_1_6' title='bbox 588 853 625 916; x_wconf 90' lang='lat' dir='ltr'><strong>G.</strong></span> <span class='ocrx_word' id='word_1_7' title='bbox 655 873 838 916; x_wconf 70' lang='lat' dir='ltr'><strong>crocea·</strong></span> 
     </span>
    </p>
   </div>
   <div class='ocr_carea' id='block_1_3' title="bbox 227 963 1356 1048">
    <p class='ocr_par' dir='ltr' id='par_1_3' title="bbox 227 963 1356 1048">
     <span class='ocr_line' id='line_1_3' title="bbox 227 963 1356 1048; baseline -0.004 -19"><span class='ocrx_word' id='word_1_8' title='bbox 227 982 239 1007; x_wconf 76' lang='lat'><strong><em>‘</em></strong></span> <span class='ocrx_word' id='word_1_9' title='bbox 334 967 444 1034; x_wconf 76' lang='lat' dir='ltr'><strong>.Color</strong></span> <span class='ocrx_word' id='word_1_10' title='bbox 462 966 584 1028; x_wconf 82' lang='lat' dir='ltr'><strong>dilutior</strong></span> <span class='ocrx_word' id='word_1_11' title='bbox 604 964 829 1048; x_wconf 76' lang='lat' dir='ltr'><strong>proiirndiorue</strong></span> <span class='ocrx_word' id='word_1_12' title='bbox 850 985 909 1046; x_wconf 82' lang='lat' dir='ltr'><strong>per</strong></span> <span class='ocrx_word' id='word_1_13' title='bbox 927 967 1028 1026; x_wconf 75' lang='lat' dir='ltr'><strong>varios</strong></span> <span class='ocrx_word' id='word_1_14' title='bbox 1047 963 1179 1046; x_wconf 58' lang='lat' dir='ltr'><strong>padua,</strong></span> <span class='ocrx_word' id='word_1_15' title='bbox 1205 963 1262 1028; x_wconf 86' lang='lat' dir='ltr'><strong>aed</strong></span> <span class='ocrx_word' id='word_1_16' title='bbox 1282 965 1356 1028; x_wconf 87' lang='lat' dir='ltr'><strong>lutei</strong></span> 
     </span>
    </p>
   </div>
   <div class='ocr_carea' id='block_1_4' title="bbox 341 1077 1400 1832">
    <p class='ocr_par' dir='ltr' id='par_1_4' title="bbox 341 1077 1357 1386">
     <span class='ocr_line' id='line_1_4' title="bbox 342 1077 1356 1158; baseline -0.005 -15"><span class='ocrx_word' id='word_1_17' title='bbox 342 1083 500 1143; x_wconf 77' lang='lat' dir='ltr'><strong>mixturam</strong></span> <span class='ocrx_word' id='word_1_18' title='bbox 522 1093 701 1140; x_wconf 74' lang='lat' dir='ltr'><strong>constanter</strong></span> <span class='ocrx_word' id='word_1_19' title='bbox 721 1099 857 1141; x_wconf 76' lang='lat' dir='ltr'><strong>servans.</strong></span> <span class='ocrx_word' id='word_1_20' title='bbox 900 1077 1078 1158; x_wconf 71' lang='lat' dir='ltr'><strong>pervulgata</strong></span> <span class='ocrx_word' id='word_1_21' title='bbox 1106 1092 1155 1138; x_wconf 82' lang='lat' dir='ltr'><strong>ast</strong></span> <span class='ocrx_word' id='word_1_22' title='bbox 1181 1081 1304 1158; x_wconf 81' lang='lat' dir='ltr'><strong>species</strong></span> <span class='ocrx_word' id='word_1_23' title='bbox 1324 1081 1356 1138; x_wconf 90' lang='lat' dir='ltr'><strong>in</strong></span> 
     </span>
     <span class='ocr_line' id='line_1_5' title="bbox 343 1190 1357 1276; baseline -0.005 -19"><span class='ocrx_word' id='word_1_24' title='bbox 343 1193 436 1276; x_wconf 76' lang='lat' dir='ltr'><strong>sylvia</strong></span> <span class='ocrx_word' id='word_1_25' title='bbox 464 1191 655 1256; x_wconf 82' lang='lat' dir='ltr'><strong>sicciuacuiis</strong></span> <span class='ocrx_word' id='word_1_26' title='bbox 683 1196 833 1265; x_wconf 73' lang='lat' dir='ltr'><strong>aceresia,</strong></span> <span class='ocrx_word' id='word_1_27' title='bbox 868 1193 1050 1271; x_wconf 81' lang='lat' dir='ltr'><strong>praesertim</strong></span> <span class='ocrx_word' id='word_1_28' title='bbox 1081 1193 1201 1270; x_wconf 84' lang='lat' dir='ltr'><strong>pinoia;</strong></span> <span class='ocrx_word' id='word_1_29' title='bbox 1232 1190 1290 1254; x_wconf 81' lang='lat' dir='ltr'><strong>aad</strong></span> <span class='ocrx_word' id='word_1_30' title='bbox 1309 1193 1357 1252; x_wconf 77' lang='lat' dir='ltr'><strong>via</strong></span> 
     </span>
     <span class='ocr_line' id='line_1_6' title="bbox 341 1275 1152 1386; baseline -0.006 -18"><span class='ocrx_word' id='word_1_31' title='bbox 341 1275 413 1370; x_wconf 65' lang='lat' dir='ltr'><strong>aiiii</strong></span> <span class='ocrx_word' id='word_1_32' title='bbox 432 1302 519 1386; x_wconf 86' lang='lat' dir='ltr'><strong>apud</strong></span> <span class='ocrx_word' id='word_1_33' title='bbox 536 1321 598 1364; x_wconf 78' lang='lat' dir='ltr'><strong>noa</strong></span> <span class='ocrx_word' id='word_1_34' title='bbox 617 1301 718 1364; x_wconf 85' lang='lat' dir='ltr'><strong>obvia.</strong></span> <span class='ocrx_word' id='word_1_35' title='bbox 761 1303 820 1362; x_wconf 88' lang='lat' dir='ltr'><strong>Per</strong></span> <span class='ocrx_word' id='word_1_36' title='bbox 842 1317 942 1362; x_wconf 89' lang='lat' dir='ltr'><strong>totum</strong></span> <span class='ocrx_word' id='word_1_37' title='bbox 961 1317 1152 1364; x_wconf 76' lang='lat' dir='ltr'><strong>autumnum.</strong></span> 
     </span>
    </p>

    <p class='ocr_par' dir='ltr' id='par_1_5' title="bbox 284 1413 1400 1832">
     <span class='ocr_line' id='line_1_7' title="bbox 421 1413 939 1496; baseline -0.004 -20"><span class='ocrx_word' id='word_1_38' title='bbox 421 1417 490 1496; x_wconf 75' lang='lat'><strong>459.</strong></span> <span class='ocrx_word' id='word_1_39' title='bbox 520 1416 558 1474; x_wconf 75' lang='lat' dir='ltr'><strong>A</strong></span> <span class='ocrx_word' id='word_1_40' title='bbox 585 1413 939 1476; x_wconf 72' lang='lat' dir='ltr'><strong>C.‹cinna·moruea.</strong></span> 
     </span>
     <span class='ocr_line' id='line_1_8' title="bbox 345 1525 1356 1608; baseline 0.001 -20.943"><span class='ocrx_word' id='word_1_41' title='bbox 345 1527 485 1608; x_wconf 85' lang='lat' dir='ltr'><strong>Cognata</strong></span> <span class='ocrx_word' id='word_1_42' title='bbox 513 1531 619 1608; x_wconf 86' lang='lat' dir='ltr'><strong>utique</strong></span> <span class='ocrx_word' id='word_1_43' title='bbox 652 1525 867 1587; x_wconf 73' lang='lat' dir='ltr'><strong>antecedenti:</strong></span> <span class='ocrx_word' id='word_1_44' title='bbox 902 1525 1011 1586; x_wconf 85' lang='lat' dir='ltr'><strong>colore</strong></span> <span class='ocrx_word' id='word_1_45' title='bbox 1041 1530 1224 1606; x_wconf 85' lang='lat' dir='ltr'><strong>praesertim</strong></span> <span class='ocrx_word' id='word_1_46' title='bbox 1251 1541 1356 1588; x_wconf 88' lang='lat' dir='ltr'><strong>exacto</strong></span> 
     </span>
     <span class='ocr_line' id='line_1_9' title="bbox 344 1637 1400 1720; baseline -0.001 -18"><span class='ocrx_word' id='word_1_47' title='bbox 344 1643 556 1702; x_wconf 85' lang='lat' dir='ltr'><strong>cinnamomeo</strong></span> <span class='ocrx_word' id='word_1_48' title='bbox 586 1637 714 1702; x_wconf 75' lang='lat' dir='ltr'><strong>dictana</strong></span> <span class='ocrx_word' id='word_1_49' title='bbox 764 1637 865 1699; x_wconf 82' lang='lat' dir='ltr'><strong>Piieus</strong></span> <span class='ocrx_word' id='word_1_50' title='bbox 892 1641 973 1698; x_wconf 88' lang='lat' dir='ltr'><strong>onim</strong></span> <span class='ocrx_word' id='word_1_51' title='bbox 998 1642 1030 1697; x_wconf 91' lang='lat' dir='ltr'><strong>in</strong></span> <span class='ocrx_word' id='word_1_52' title='bbox 1057 1639 1187 1720; x_wconf 79' lang='lat' dir='ltr'><strong>utrique</strong></span> <span class='ocrx_word' id='word_1_53' title='bbox 1206 1658 1279 1700; x_wconf 85' lang='lat' dir='ltr'><strong>mox</strong></span> <span class='ocrx_word' id='word_1_54' title='bbox 1297 1643 1356 1701; x_wconf 79' lang='lat' dir='ltr'><strong>tui-</strong></span> <span class='ocrx_word' id='word_1_55' title='bbox 1395 1673 1400 1683; x_wconf 86' lang='lat'>·</span> 
     </span>
     <span class='ocr_line' id='line_1_10' title="bbox 343 1751 1357 1832; baseline -0.002 -16"><span class='ocrx_word' id='word_1_56' title='bbox 343 1765 418 1816; x_wconf 85' lang='lat' dir='ltr'><strong>nuta</strong></span> <span class='ocrx_word' id='word_1_57' title='bbox 438 1751 670 1832; x_wconf 81' lang='lat' dir='ltr'><strong>tquamuloaua,</strong></span> <span class='ocrx_word' id='word_1_58' title='bbox 698 1769 771 1812; x_wconf 82' lang='lat' dir='ltr'><strong>mox</strong></span> <span class='ocrx_word' id='word_1_59' title='bbox 796 1769 868 1810; x_wconf 85' lang='lat' dir='ltr'><strong>cunt</strong></span> <span class='ocrx_word' id='word_1_60' title='bbox 895 1755 998 1812; x_wconf 88' lang='lat' dir='ltr'><strong>nitore</strong></span> <span class='ocrx_word' id='word_1_61' title='bbox 1024 1756 1146 1812; x_wconf 75' lang='lat' dir='ltr'><strong>aenceo</strong></span> <span class='ocrx_word' id='word_1_62' title='bbox 1172 1751 1286 1814; x_wconf 84' lang='lat' dir='ltr'><strong>laevis:</strong></span> <span class='ocrx_word' id='word_1_63' title='bbox 1315 1757 1357 1814; x_wconf 90' lang='lat' dir='ltr'><strong>ita</strong></span> 
     </span>
    </p>
   </div>
   <div class='ocr_carea' id='block_1_5' title="bbox 209 1862 1356 1946">
    <p class='ocr_par' dir='ltr' id='par_1_6' title="bbox 209 1862 1356 1946">
     <span class='ocr_line' id='line_1_11' title="bbox 209 1862 1356 1946; baseline 0.002 -26"><span class='ocrx_word' id='word_1_64' title='bbox 209 1907 220 1920; x_wconf 82' lang='lat'><strong>.</strong></span> <span class='ocrx_word' id='word_1_65' title='bbox 337 1881 403 1924; x_wconf 82' lang='lat' dir='ltr'><strong>neo</strong></span> <span class='ocrx_word' id='word_1_66' title='bbox 422 1879 495 1924; x_wconf 89' lang='lat' dir='ltr'><strong>nota</strong></span> <span class='ocrx_word' id='word_1_67' title='bbox 513 1883 531 1920; x_wconf 86' lang='lat' dir='ltr'><strong>a</strong></span> <span class='ocrx_word' id='word_1_68' title='bbox 551 1862 736 1924; x_wconf 79' lang='lat' dir='ltr'><strong>iarnaliarum</strong></span> <span class='ocrx_word' id='word_1_69' title='bbox 762 1867 932 1924; x_wconf 77' lang='lat' dir='ltr'><strong>annexione</strong></span> <span class='ocrx_word' id='word_1_70' title='bbox 958 1862 1120 1946; x_wconf 75' lang='lat' dir='ltr'><strong>formaque</strong></span> <span class='ocrx_word' id='word_1_71' title='bbox 1146 1863 1289 1930; x_wconf 75' lang='lat' dir='ltr'><strong>dacumta</strong></span> <span class='ocrx_word' id='word_1_72' title='bbox 1306 1884 1356 1927; x_wconf 79' lang='lat' dir='ltr'><strong>so·</strong></span> 
     </span>
    </p>
   </div>
   <div class='ocr_carea' id='block_1_6' title="bbox 340 1974 1442 2388">
    <p class='ocr_par' dir='ltr' id='par_1_7' title="bbox 340 1974 1442 2280">
     <span class='ocr_line' id='line_1_12' title="bbox 344 1974 1442 2057; baseline 0.002 -21"><span class='ocrx_word' id='word_1_73' title='bbox 344 1979 383 2036; x_wconf 79' lang='lat' dir='ltr'><strong>tic</strong></span> <span class='ocrx_word' id='word_1_74' title='bbox 410 1989 554 2038; x_wconf 80' lang='lat' dir='ltr'><strong>constane</strong></span> <span class='ocrx_word' id='word_1_75' title='bbox 583 1974 726 2036; x_wconf 88' lang='lat' dir='ltr'><strong>dicenda.</strong></span> <span class='ocrx_word' id='word_1_76' title='bbox 773 1977 918 2036; x_wconf 80' lang='lat' dir='ltr'><strong>Nascitur</strong></span> <span class='ocrx_word' id='word_1_77' title='bbox 944 1975 1024 2038; x_wconf 87' lang='lat' dir='ltr'><strong>locis</strong></span> <span class='ocrx_word' id='word_1_78' title='bbox 1051 1995 1122 2037; x_wconf 88' lang='lat' dir='ltr'><strong>cum</strong></span> <span class='ocrx_word' id='word_1_79' title='bbox 1145 1975 1355 2057; x_wconf 85' lang='lat' dir='ltr'><strong>praecedente</strong></span> <span class='ocrx_word' id='word_1_80' title='bbox 1438 1994 1442 2003; x_wconf 92' lang='lat'>·</span> 
     </span>
     <span class='ocr_line' id='line_1_13' title="bbox 340 2085 1356 2170; baseline 0 -18"><span class='ocrx_word' id='word_1_81' title='bbox 340 2086 470 2160; x_wconf 70' lang='lat' dir='ltr'><strong>iisdem,</strong></span> <span class='ocrx_word' id='word_1_82' title='bbox 506 2091 607 2148; x_wconf 81' lang='lat' dir='ltr'><strong>miuus</strong></span> <span class='ocrx_word' id='word_1_83' title='bbox 634 2085 759 2168; x_wconf 88' lang='lat' dir='ltr'><strong>quidem</strong></span> <span class='ocrx_word' id='word_1_84' title='bbox 784 2085 931 2168; x_wconf 75' lang='lat' dir='ltr'><strong>frequent</strong></span> <span class='ocrx_word' id='word_1_85' title='bbox 959 2087 1026 2164; x_wconf 80' lang='lat' dir='ltr'><strong>iit,</strong></span> <span class='ocrx_word' id='word_1_86' title='bbox 1055 2092 1232 2170; x_wconf 79' lang='lat' dir='ltr'><strong>neutiquam</strong></span> <span class='ocrx_word' id='word_1_87' title='bbox 1253 2104 1356 2152; x_wconf 86' lang='lat' dir='ltr'><strong>tamen</strong></span> 
     </span>
     <span class='ocr_line' id='line_1_14' title="bbox 343 2200 650 2280; baseline 0.003 -21"><span class='ocrx_word' id='word_1_88' title='bbox 343 2218 421 2260; x_wconf 83' lang='lat' dir='ltr'><strong>rara.</strong></span> <span class='ocrx_word' id='word_1_89' title='bbox 464 2200 551 2280; x_wconf 84' lang='lat' dir='ltr'><strong>Sept.</strong></span> <span class='ocrx_word' id='word_1_90' title='bbox 576 2201 650 2260; x_wconf 88' lang='lat' dir='ltr'><strong>Oct.</strong></span> 
     </span>
    </p>

    <p class='ocr_par' dir='ltr' id='par_1_8' title="bbox 422 2309 861 2388">
     <span class='ocr_line' id='line_1_15' title="bbox 422 2309 861 2388; baseline 0.002 -17"><span class='ocrx_word' id='word_1_91' title='bbox 422 2309 492 2388; x_wconf 79' lang='lat'><strong>460.</strong></span> <span class='ocrx_word' id='word_1_92' title='bbox 526 2311 565 2371; x_wconf 94' lang='lat' dir='ltr'><strong>A.</strong></span> <span class='ocrx_word' id='word_1_93' title='bbox 594 2311 632 2371; x_wconf 91' lang='lat' dir='ltr'><strong>C.</strong></span> <span class='ocrx_word' id='word_1_94' title='bbox 662 2323 861 2372; x_wconf 77' lang='lat' dir='ltr'><strong>castanea.</strong></span> 
     </span>
    </p>
   </div>
   <div class='ocr_carea' id='block_1_7' title="bbox 343 2423 1438 2633">
    <p class='ocr_par' dir='ltr' id='par_1_9' title="bbox 343 2423 1438 2633">
     <span class='ocr_line' id='line_1_16' title="bbox 619 2423 825 2494; baseline -0.019 -10"><span class='ocrx_word' id='word_1_95' title='bbox 619 2445 651 2494; x_wconf 84' lang='lat' dir='ltr'><strong>u,</strong></span> <span class='ocrx_word' id='word_1_96' title='bbox 676 2423 825 2482; x_wconf 85' lang='lat' dir='ltr'><strong>terrestris</strong></span> 
     </span>
     <span class='ocr_line' id='line_1_17' title="bbox 343 2531 1438 2633; baseline 0.002 -39"><span class='ocrx_word' id='word_1_97' title='bbox 343 2531 459 2594; x_wconf 79' lang='lat' dir='ltr'><strong>Differt</strong></span> <span class='ocrx_word' id='word_1_98' title='bbox 477 2554 495 2594; x_wconf 88' lang='lat' dir='ltr'><strong>a</strong></span> <span class='ocrx_word' id='word_1_99' title='bbox 514 2549 663 2616; x_wconf 87' lang='lat' dir='ltr'><strong>aequente</strong></span> <span class='ocrx_word' id='word_1_100' title='bbox 690 2535 774 2596; x_wconf 86' lang='lat' dir='ltr'><strong>aiiini</strong></span> <span class='ocrx_word' id='word_1_101' title='bbox 802 2535 911 2596; x_wconf 78' lang='lat' dir='ltr'><strong>colora</strong></span> <span class='ocrx_word' id='word_1_102' title='bbox 936 2533 1010 2616; x_wconf 88' lang='lat' dir='ltr'><strong>pilei</strong></span> <span class='ocrx_word' id='word_1_103' title='bbox 1039 2539 1231 2598; x_wconf 79' lang='lat' dir='ltr'><strong>exactissime</strong></span> <span class='ocrx_word' id='word_1_104' title='bbox 1254 2553 1356 2598; x_wconf 84' lang='lat' dir='ltr'><strong>easta·</strong></span> <span class='ocrx_word' id='word_1_105' title='bbox 1432 2617 1438 2633; x_wconf 79' lang='lat'><strong>.</strong></span> 
     </span>
    </p>
   </div>
   <div class='ocr_carea' id='block_1_8' title="bbox 201 2645 1356 2722">
    <p class='ocr_par' dir='ltr' id='par_1_10' title="bbox 201 2645 1356 2722">
     <span class='ocr_line' id='line_1_18' title="bbox 201 2645 1356 2722; baseline 0.003 -15"><span class='ocrx_word' id='word_1_106' title='bbox 201 2713 206 2720; x_wconf 60' lang='grc'>,</span> <span class='ocrx_word' id='word_1_107' title='bbox 337 2665 423 2722; x_wconf 83' lang='lat' dir='ltr'><strong>-ueo,</strong></span> <span class='ocrx_word' id='word_1_108' title='bbox 445 2645 582 2708; x_wconf 88' lang='lat' dir='ltr'><strong>umbone</strong></span> <span class='ocrx_word' id='word_1_109' title='bbox 601 2647 664 2708; x_wconf 91' lang='lat' dir='ltr'><strong>lato</strong></span> <span class='ocrx_word' id='word_1_110' title='bbox 685 2646 774 2708; x_wconf 84' lang='lat' dir='ltr'><strong>vaide</strong></span> <span class='ocrx_word' id='word_1_111' title='bbox 793 2647 928 2720; x_wconf 80' lang='lat' dir='ltr'><strong>obtuso,</strong></span> <span class='ocrx_word' id='word_1_112' title='bbox 950 2647 1075 2710; x_wconf 81' lang='lat' dir='ltr'><strong>lamellis</strong></span> <span class='ocrx_word' id='word_1_113' title='bbox 1092 2648 1260 2720; x_wconf 78' lang='lat' dir='ltr'><strong>rotundato</strong></span> <span class='ocrx_word' id='word_1_114' title='bbox 1272 2649 1356 2710; x_wconf 86' lang='lat' dir='ltr'><strong>-ad-</strong></span> 
     </span>
    </p>
   </div>
   <div class='ocr_carea' id='block_1_9' title="bbox 342 2759 1357 3739">
    <p class='ocr_par' dir='ltr' id='par_1_11' title="bbox 343 2759 1357 3175">
     <span class='ocr_line' id='line_1_19' title="bbox 343 2759 1355 2842; baseline 0.002 -24"><span class='ocrx_word' id='word_1_115' title='bbox 343 2762 448 2830; x_wconf 79' lang='lat' dir='ltr'><strong>neria,</strong></span> <span class='ocrx_word' id='word_1_116' title='bbox 491 2763 597 2839; x_wconf 84' lang='lat' dir='ltr'><strong>stipite</strong></span> <span class='ocrx_word' id='word_1_117' title='bbox 630 2759 772 2820; x_wconf 78' lang='lat' dir='ltr'><strong>breviora</strong></span> <span class='ocrx_word' id='word_1_118' title='bbox 807 2760 923 2836; x_wconf 75' lang='lat' dir='ltr'><strong>(rarius</strong></span> <span class='ocrx_word' id='word_1_119' title='bbox 955 2759 1094 2820; x_wconf 82' lang='lat' dir='ltr'><strong>anomale</strong></span> <span class='ocrx_word' id='word_1_120' title='bbox 1134 2760 1355 2842; x_wconf 84' lang='lat' dir='ltr'><strong>aubeiongato)</strong></span> 
     </span>
     <span class='ocr_line' id='line_1_20' title="bbox 344 2869 1357 2954; baseline 0.004 -24"><span class='ocrx_word' id='word_1_121' title='bbox 344 2873 497 2930; x_wconf 78' lang='lat' dir='ltr'><strong>crassiore</strong></span> <span class='ocrx_word' id='word_1_122' title='bbox 524 2869 676 2945; x_wconf 72' lang='lat' dir='ltr'><strong>inaniore,</strong></span> <span class='ocrx_word' id='word_1_123' title='bbox 707 2885 775 2932; x_wconf 90' lang='lat' dir='ltr'><strong>toto</strong></span> <span class='ocrx_word' id='word_1_124' title='bbox 794 2871 1091 2934; x_wconf 79' lang='lat' dir='ltr'><strong>aibido·iibtilioao.</strong></span> <span class='ocrx_word' id='word_1_125' title='bbox 1141 2873 1222 2933; x_wconf 87' lang='lat' dir='ltr'><strong>Hab.</strong></span> <span class='ocrx_word' id='word_1_126' title='bbox 1244 2877 1277 2932; x_wconf 90' lang='lat' dir='ltr'><strong>in</strong></span> <span class='ocrx_word' id='word_1_127' title='bbox 1296 2873 1357 2954; x_wconf 81' lang='lat' dir='ltr'>syl-</span> 
     </span>
     <span class='ocr_line' id='line_1_21' title="bbox 343 2982 1227 3065; baseline 0.005 -23"><span class='ocrx_word' id='word_1_128' title='bbox 343 2985 469 3055; x_wconf 77' lang='lat' dir='ltr'><strong>vaticis,</strong></span> <span class='ocrx_word' id='word_1_129' title='bbox 491 2988 673 3063; x_wconf 76' lang='lat' dir='ltr'><strong>praesentim</strong></span> <span class='ocrx_word' id='word_1_130' title='bbox 693 2982 854 3056; x_wconf 85' lang='lat' dir='ltr'><strong>abiatinia,</strong></span> <span class='ocrx_word' id='word_1_131' title='bbox 876 2987 1001 3064; x_wconf 74' lang='lat' dir='ltr'><strong>passim.</strong></span> <span class='ocrx_word' id='word_1_132' title='bbox 1041 2985 1128 3065; x_wconf 66' lang='lat' dir='ltr'><strong>sepa</strong></span> <span class='ocrx_word' id='word_1_133' title='bbox 1153 2985 1227 3046; x_wconf 90' lang='lat' dir='ltr'><strong>Oct.</strong></span> 
     </span>
     <span class='ocr_line' id='line_1_22' title="bbox 421 3093 894 3175; baseline 0.004 -21"><span class='ocrx_word' id='word_1_134' title='bbox 421 3093 491 3171; x_wconf 76' lang='lat'><strong>461.</strong></span> <span class='ocrx_word' id='word_1_135' title='bbox 525 3095 564 3154; x_wconf 92' lang='lat' dir='ltr'><strong>A.</strong></span> <span class='ocrx_word' id='word_1_136' title='bbox 595 3095 894 3175; x_wconf 41' lang='lat' dir='ltr'><strong>C.vdacipiens.</strong></span> 
     </span>
    </p>

    <p class='ocr_par' dir='ltr' id='par_1_12' title="bbox 342 3204 1356 3739">
     <span class='ocr_line' id='line_1_23' title="bbox 344 3204 1355 3289; baseline 0.006 -25"><span class='ocrx_word' id='word_1_137' title='bbox 344 3204 552 3286; x_wconf 81' lang='lat' dir='ltr'><strong>Polymorpha</strong></span> <span class='ocrx_word' id='word_1_138' title='bbox 572 3210 696 3287; x_wconf 79' lang='lat' dir='ltr'><strong>species</strong></span> <span class='ocrx_word' id='word_1_139' title='bbox 717 3219 750 3268; x_wconf 85' lang='lat' dir='ltr'><strong>et</strong></span> <span class='ocrx_word' id='word_1_140' title='bbox 770 3225 859 3289; x_wconf 83' lang='lat' dir='ltr'><strong>vaga,</strong></span> <span class='ocrx_word' id='word_1_141' title='bbox 890 3207 963 3287; x_wconf 88' lang='lat' dir='ltr'><strong>pilei</strong></span> <span class='ocrx_word' id='word_1_142' title='bbox 991 3206 1245 3289; x_wconf 81' lang='lat' dir='ltr'><strong>(nonnumquam</strong></span> <span class='ocrx_word' id='word_1_143' title='bbox 1261 3206 1355 3270; x_wconf 78' lang='lat' dir='ltr'><strong>infro-</strong></span> 
     </span>
     <span class='ocr_line' id='line_1_24' title="bbox 345 3316 1356 3400; baseline 0.002 -22"><span class='ocrx_word' id='word_1_144' title='bbox 345 3319 406 3396; x_wconf 86' lang='lat' dir='ltr'><strong>cti)</strong></span> <span class='ocrx_word' id='word_1_145' title='bbox 431 3316 546 3390; x_wconf 69' lang='lat' dir='ltr'><strong>fortun,</strong></span> <span class='ocrx_word' id='word_1_146' title='bbox 584 3322 696 3399; x_wconf 83' lang='lat' dir='ltr'><strong>stipitis</strong></span> <span class='ocrx_word' id='word_1_147' title='bbox 723 3319 916 3400; x_wconf 85' lang='lat' dir='ltr'><strong>longitudine</strong></span> <span class='ocrx_word' id='word_1_148' title='bbox 941 3333 975 3380; x_wconf 85' lang='lat' dir='ltr'><strong>et</strong></span> <span class='ocrx_word' id='word_1_149' title='bbox 998 3323 1137 3381; x_wconf 68' lang='lat' dir='ltr'><strong>crassitie</strong></span> <span class='ocrx_word' id='word_1_150' title='bbox 1159 3335 1228 3381; x_wconf 81' lang='lat' dir='ltr'><strong>etc.</strong></span> <span class='ocrx_word' id='word_1_151' title='bbox 1256 3321 1356 3382; x_wconf 89' lang='lat' dir='ltr'><strong>multi-</strong></span> 
     </span>
     <span class='ocr_line' id='line_1_25' title="bbox 342 3427 1356 3494; baseline 0.004 -6"><span class='ocrx_word' id='word_1_152' title='bbox 342 3428 436 3488; x_wconf 87' lang='lat' dir='ltr'><strong>mode</strong></span> <span class='ocrx_word' id='word_1_153' title='bbox 458 3427 583 3490; x_wconf 84' lang='lat' dir='ltr'><strong>ludens:</strong></span> <span class='ocrx_word' id='word_1_154' title='bbox 610 3435 691 3492; x_wconf 82' lang='lat' dir='ltr'><strong>notis</strong></span> <span class='ocrx_word' id='word_1_155' title='bbox 719 3445 821 3492; x_wconf 85' lang='lat' dir='ltr'><strong>tamen</strong></span> <span class='ocrx_word' id='word_1_156' title='bbox 846 3430 944 3492; x_wconf 87' lang='lat' dir='ltr'><strong>ruodo</strong></span> <span class='ocrx_word' id='word_1_157' title='bbox 964 3433 1156 3494; x_wconf 78' lang='lat' dir='ltr'><strong>enumeratio-</strong></span> <span class='ocrx_word' id='word_1_158' title='bbox 1170 3431 1209 3491; x_wconf 86' lang='lat' dir='ltr'><strong>ab</strong></span> <span class='ocrx_word' id='word_1_159' title='bbox 1228 3447 1356 3494; x_wconf 83' lang='lat' dir='ltr'><strong>antece·-</strong></span> 
     </span>
     <span class='ocr_line' id='line_1_26' title="bbox 343 3539 1355 3624; baseline 0.004 -24"><span class='ocrx_word' id='word_1_160' title='bbox 343 3539 458 3613; x_wconf 85' lang='lat' dir='ltr'><strong>dente,</strong></span> <span class='ocrx_word' id='word_1_161' title='bbox 488 3545 579 3604; x_wconf 79' lang='lat' dir='ltr'><strong>sicuti</strong></span> <span class='ocrx_word' id='word_1_162' title='bbox 599 3542 717 3602; x_wconf 88' lang='lat' dir='ltr'><strong>laevitie</strong></span> <span class='ocrx_word' id='word_1_163' title='bbox 737 3546 878 3622; x_wconf 79' lang='lat' dir='ltr'><strong>inprimis</strong></span> <span class='ocrx_word' id='word_1_164' title='bbox 900 3543 1079 3624; x_wconf 78' lang='lat' dir='ltr'><strong>cortinique</strong></span> <span class='ocrx_word' id='word_1_165' title='bbox 1100 3543 1243 3606; x_wconf 71' lang='lat' dir='ltr'><strong>obsoleti</strong></span> <span class='ocrx_word' id='word_1_166' title='bbox 1261 3563 1281 3604; x_wconf 86' lang='lat' dir='ltr'><strong>a</strong></span> <span class='ocrx_word' id='word_1_167' title='bbox 1295 3544 1355 3604; x_wconf 84' lang='lat' dir='ltr'><strong>Le·</strong></span> 
     </span>
     <span class='ocr_line' id='line_1_27' title="bbox 342 3646 1355 3739; baseline 0.003 -28"><span class='ocrx_word' id='word_1_168' title='bbox 342 3655 428 3732; x_wconf 74' lang='lat' dir='ltr'><strong>piati</strong></span> <span class='ocrx_word' id='word_1_169' title='bbox 448 3646 608 3739; x_wconf 66' lang='lat' dir='ltr'><strong>fiet-iperio</strong></span> <span class='ocrx_word' id='word_1_170' title='bbox 636 3653 863 3735; x_wconf 75' lang='lat' dir='ltr'><strong>distinguenda.</strong></span> <span class='ocrx_word' id='word_1_171' title='bbox 917 3654 1051 3714; x_wconf 85' lang='lat' dir='ltr'><strong>Abunde</strong></span> <span class='ocrx_word' id='word_1_172' title='bbox 1077 3660 1222 3736; x_wconf 87' lang='lat' dir='ltr'><strong>provenit</strong></span> <span class='ocrx_word' id='word_1_173' title='bbox 1241 3659 1274 3716; x_wconf 87' lang='lat' dir='ltr'><strong>in</strong></span> <span class='ocrx_word' id='word_1_174' title='bbox 1294 3656 1355 3737; x_wconf 76' lang='lat' dir='ltr'>syl-</span> 
     </span>
    </p>
   </div>
   <div class='ocr_carea' id='block_1_10' title="bbox 333 3763 1117 3864">
    <p class='ocr_par' dir='ltr' id='par_1_13' title="bbox 333 3763 1117 3864">
     <span class='ocr_line' id='line_1_28' title="bbox 333 3763 1117 3864; baseline 0.004 -41"><span class='ocrx_word' id='word_1_175' title='bbox 333 3769 450 3864; x_wconf 32' lang='lat' dir='ltr'><strong>-vaticia</strong></span> <span class='ocrx_word' id='word_1_176' title='bbox 471 3763 586 3846; x_wconf 89' lang='lat' dir='ltr'><strong>ubique</strong></span> <span class='ocrx_word' id='word_1_177' title='bbox 606 3765 681 3826; x_wconf 84' lang='lat' dir='ltr'><strong>fero.</strong></span> <span class='ocrx_word' id='word_1_178' title='bbox 725 3767 784 3826; x_wconf 86' lang='lat' dir='ltr'><strong>Per</strong></span> <span class='ocrx_word' id='word_1_179' title='bbox 805 3780 905 3826; x_wconf 85' lang='lat' dir='ltr'><strong>totum</strong></span> <span class='ocrx_word' id='word_1_180' title='bbox 927 3781 1117 3826; x_wconf 87' lang='lat' dir='ltr'><strong>autumnum.</strong></span> 
     </span>
    </p>
   </div>
   <div class='ocr_carea' id='block_1_11' title="bbox 342 3875 1357 4407">
    <p class='ocr_par' dir='ltr' id='par_1_14' title="bbox 342 3875 1357 4407">
     <span class='ocr_line' id='line_1_29' title="bbox 422 3875 907 3953; baseline 0.002 -17"><span class='ocrx_word' id='word_1_181' title='bbox 422 3875 492 3953; x_wconf 75' lang='lat'><strong>462.</strong></span> <span class='ocrx_word' id='word_1_182' title='bbox 526 3877 566 3936; x_wconf 89' lang='lat' dir='ltr'><strong>A.</strong></span> <span class='ocrx_word' id='word_1_183' title='bbox 597 3877 635 3937; x_wconf 92' lang='lat' dir='ltr'><strong>C.</strong></span> <span class='ocrx_word' id='word_1_184' title='bbox 665 3883 907 3940; x_wconf 86' lang='lat' dir='ltr'><strong>artneniaca.</strong></span> 
     </span>
     <span class='ocr_line' id='line_1_30' title="bbox 344 3987 1357 4070; baseline 0.004 -22"><span class='ocrx_word' id='word_1_185' title='bbox 344 3987 437 4048; x_wconf 88' lang='lat' dir='ltr'><strong>Color</strong></span> <span class='ocrx_word' id='word_1_186' title='bbox 466 3992 561 4050; x_wconf 86' lang='lat' dir='ltr'><strong>totius</strong></span> <span class='ocrx_word' id='word_1_187' title='bbox 588 3987 671 4069; x_wconf 83' lang='lat' dir='ltr'><strong>fungi</strong></span> <span class='ocrx_word' id='word_1_188' title='bbox 697 3990 807 4050; x_wconf 83' lang='lat' dir='ltr'><strong>laetior</strong></span> <span class='ocrx_word' id='word_1_189' title='bbox 834 3993 1003 4070; x_wconf 81' lang='lat' dir='ltr'><strong>opaciorve</strong></span> <span class='ocrx_word' id='word_1_190' title='bbox 1025 4005 1085 4069; x_wconf 86' lang='lat' dir='ltr'><strong>pro</strong></span> <span class='ocrx_word' id='word_1_191' title='bbox 1108 3992 1258 4070; x_wconf 78' lang='lat' dir='ltr'><strong>temporie</strong></span> <span class='ocrx_word' id='word_1_192' title='bbox 1278 3992 1357 4052; x_wconf 77' lang='lat' dir='ltr'><strong>sicci</strong></span> 
     </span>
     <span class='ocr_line' id='line_1_31' title="bbox 343 4099 1355 4182; baseline 0 -22"><span class='ocrx_word' id='word_1_193' title='bbox 343 4099 391 4160; x_wconf 87' lang='lat' dir='ltr'><strong>vel</strong></span> <span class='ocrx_word' id='word_1_194' title='bbox 412 4100 548 4173; x_wconf 86' lang='lat' dir='ltr'><strong>humidi,</strong></span> <span class='ocrx_word' id='word_1_195' title='bbox 570 4101 634 4162; x_wconf 90' lang='lat' dir='ltr'><strong>loci</strong></span> <span class='ocrx_word' id='word_1_196' title='bbox 654 4105 751 4181; x_wconf 87' lang='lat' dir='ltr'><strong>aprici</strong></span> <span class='ocrx_word' id='word_1_197' title='bbox 771 4101 819 4162; x_wconf 91' lang='lat' dir='ltr'><strong>vel</strong></span> <span class='ocrx_word' id='word_1_198' title='bbox 840 4101 980 4162; x_wconf 86' lang='lat' dir='ltr'><strong>umbrosi</strong></span> <span class='ocrx_word' id='word_1_199' title='bbox 998 4105 1137 4175; x_wconf 88' lang='lat' dir='ltr'><strong>ratione;</strong></span> <span class='ocrx_word' id='word_1_200' title='bbox 1165 4100 1198 4160; x_wconf 90' lang='lat' dir='ltr'><strong>id</strong></span> <span class='ocrx_word' id='word_1_201' title='bbox 1218 4100 1304 4182; x_wconf 89' lang='lat' dir='ltr'><strong>quod</strong></span> <span class='ocrx_word' id='word_1_202' title='bbox 1324 4107 1355 4160; x_wconf 89' lang='lat' dir='ltr'><strong>in</strong></span> 
     </span>
     <span class='ocr_line' id='line_1_32' title="bbox 342 4209 1356 4292; baseline 0.004 -22"><span class='ocrx_word' id='word_1_203' title='bbox 342 4209 482 4292; x_wconf 84' lang='lat' dir='ltr'><strong>piurimis</strong></span> <span class='ocrx_word' id='word_1_204' title='bbox 502 4211 703 4292; x_wconf 82' lang='lat' dir='ltr'><strong>Agaricorum</strong></span> <span class='ocrx_word' id='word_1_205' title='bbox 732 4213 897 4292; x_wconf 82' lang='lat' dir='ltr'><strong>speciebus</strong></span> <span class='ocrx_word' id='word_1_206' title='bbox 925 4209 1054 4274; x_wconf 87' lang='lat' dir='ltr'><strong>obtinet.</strong></span> <span class='ocrx_word' id='word_1_207' title='bbox 1094 4214 1233 4274; x_wconf 83' lang='lat' dir='ltr'><strong>Solitaria</strong></span> <span class='ocrx_word' id='word_1_208' title='bbox 1252 4215 1356 4274; x_wconf 81' lang='lat' dir='ltr'><strong>nasci-</strong></span> 
     </span>
     <span class='ocr_line' id='line_1_33' title="bbox 343 4323 1353 4407; baseline 0.002 -23"><span class='ocrx_word' id='word_1_209' title='bbox 343 4338 393 4384; x_wconf 80' lang='lat' dir='ltr'><strong>tur</strong></span> <span class='ocrx_word' id='word_1_210' title='bbox 420 4324 499 4384; x_wconf 89' lang='lat' dir='ltr'><strong>haec</strong></span> <span class='ocrx_word' id='word_1_211' title='bbox 524 4327 557 4384; x_wconf 92' lang='lat' dir='ltr'><strong>in</strong></span> <span class='ocrx_word' id='word_1_212' title='bbox 585 4323 676 4406; x_wconf 82' lang='lat' dir='ltr'><strong>sylvis</strong></span> <span class='ocrx_word' id='word_1_213' title='bbox 705 4327 814 4397; x_wconf 77' lang='lat' dir='ltr'><strong>variis,</strong></span> <span class='ocrx_word' id='word_1_214' title='bbox 846 4331 984 4386; x_wconf 71' lang='lat' dir='ltr'><strong>acaronis</strong></span> <span class='ocrx_word' id='word_1_215' title='bbox 1010 4344 1107 4407; x_wconf 84' lang='lat' dir='ltr'><strong>aeque</strong></span> <span class='ocrx_word' id='word_1_216' title='bbox 1126 4345 1164 4388; x_wconf 90' lang='lat' dir='ltr'><strong>ac</strong></span> <span class='ocrx_word' id='word_1_217' title='bbox 1184 4323 1353 4397; x_wconf 77' lang='lat' dir='ltr'><strong>frondosis.</strong></span> 
     </span>
    </p>
   </div>
   <div class='ocr_carea' id='block_1_12' title="bbox 342 4435 1059 4519">
    <p class='ocr_par' dir='ltr' id='par_1_15' title="bbox 342 4435 1059 4519">
     <span class='ocr_line' id='line_1_34' title="bbox 342 4435 1059 4519; baseline 0.004 -23"><span class='ocrx_word' id='word_1_218' title='bbox 342 4435 416 4502; x_wconf 87' lang='lat' dir='ltr'><strong>hiuc</strong></span> <span class='ocrx_word' id='word_1_219' title='bbox 435 4435 518 4498; x_wconf 90' lang='lat' dir='ltr'><strong>illinc</strong></span> <span class='ocrx_word' id='word_1_220' title='bbox 537 4435 622 4498; x_wconf 88' lang='lat' dir='ltr'><strong>haud</strong></span> <span class='ocrx_word' id='word_1_221' title='bbox 640 4435 844 4518; x_wconf 74' lang='lat' dir='ltr'><strong>infrequens..</strong></span> <span class='ocrx_word' id='word_1_222' title='bbox 874 4439 969 4519; x_wconf 74' lang='lat' dir='ltr'><strong>Sept..</strong></span> <span class='ocrx_word' id='word_1_223' title='bbox 984 4441 1059 4500; x_wconf 87' lang='lat' dir='ltr'><strong>Oct.</strong></span> 
     </span>
    </p>
   </div>
   <div class='ocr_carea' id='block_1_13' title="bbox 1279 4591 1314 4634">
    <p class='ocr_par' dir='ltr' id='par_1_16' title="bbox 1279 4591 1314 4634">
     <span class='ocr_line' id='line_1_35' title="bbox 1279 4591 1314 4634; baseline 0 0"><span class='ocrx_word' id='word_1_224' title='bbox 1279 4591 1314 4634; x_wconf 82' lang='lat'><strong>21</strong></span> 
     </span>
    </p>
   </div>
   <div class='ocr_carea' id='block_1_14' title="bbox 0 0 1796 5482">
    <p class='ocr_par' dir='ltr' id='par_1_17' title="bbox 0 0 1796 5482">
     <span class='ocr_line' id='line_1_36' title="bbox 0 0 1796 5482; baseline 0 0"><span class='ocrx_word' id='word_1_225' title='bbox 0 0 1796 5482; x_wconf 95' lang='lat' dir='ltr'><strong> </strong></span> 
     </span>
    </p>
   </div>
  </div>
 </body>
</html>
