3582 5482
449 842 552 919 ribus,
574 843 658 916 ande
677 841 815 926 pustulae
833 854 987 922 apparent
1005 838 1140 906 sessiles.
1181 839 1219 902 In
1240 839 1276 901 P.
1298 855 1464 921 argenteae

447 953 552 1029 loliis,
575 975 651 1038 quae
669 955 815 1036 hyemem
833 953 1058 1034 perduravere,
1080 956 1235 1014 semivivis
1250 957 1381 1016 siccisve
1393 971 1464 1014 arva

325 1065 326 1068 '
452 1086 506 1130 tea
525 1087 642 1150 pascua
662 1065 799 1129 incolens
819 1069 958 1126 occurrit
975 1065 1111 1140 Martio,
1133 1063 1243 1145 Aprili.

530 1177 600 1240 582.
634 1181 669 1240 P.
700 1191 939 1246 mucronata.

727 1312 759 1363 n,
782 1289 882 1348 Rotae

727 1400 763 1477 β,
786 1399 866 1459 liubi

455 1510 606 1596 Sporulne
625 1511 746 1574 isthmis
766 1511 947 1593 plerumque
967 1513 1063 1573 tamis
1077 1513 1280 1592 interceptae,
1303 1509 1465 1571 nonnullae

454 1624 654 1689 submuticac.
700 1623 843 1706 vulgaris
869 1637 918 1686 est
945 1645 977 1699 a,
998 1627 1031 1682 in
1051 1621 1130 1684 loliis
1150 1627 1332 1702 praesertim
1354 1641 1467 1684 conse

454 1737 655 1798 nascentibus
678 1737 776 1795 Rotae
796 1729 987 1822 centifoliam,
1017 1734 1155 1795 Uredinc
1168 1775 1170 1782 ,
1182 1735 1285 1807 socii,
1316 1739 1349 1794 in
1368 1733 1467 1796 hortis

455 1849 570 1929 ubique
596 1847 678 1908 leret
706 1852 804 1910 rarior
828 1851 861 1906 in
884 1847 920 1906 li.
942 1844 1052 1906 uillosci
1080 1843 1329 1926 (Lehmgruben)
1349 1845 1468 1928 ab'squc

455 1959 605 2020 Uredine.
646 1959 722 2019 Ver.
751 1957 787 2034 β,
817 1959 901 2040 apud
921 1978 980 2019 nos
1001 1977 1126 2038 quoque
1146 1962 1179 2017 in
1198 1955 1280 2020 loliis
1300 1958 1353 2034 (et
1373 1977 1468 2040 saepe

457 2070 581 2154 qnidam
610 2074 703 2132 siccis
729 2069 878 2152 dejectis)
909 2068 988 2130 Rubi
1020 2071 1201 2152 utriusque,
1233 2069 1291 2132 sed
1324 2075 1468 2152 apprime

459 2183 496 2242 ll.
512 2176 675 2269 fruticosi,
710 2181 792 2242 haud
819 2202 888 2243 raro
915 2186 1063 2244 occurrit.
1124 2183 1264 2264 Utraque
1290 2197 1408 2246 aestate
1436 2195 1470 2244 et

457 2299 639 2376 praesertim
658 2309 815 2355 autumno.

514 2427 615 2496 ¹cas.
641 2427 668 2467 t.
710 2408 804 2466 Sicuti
831 2419 922 2468 notas
946 2407 1126 2487 praesertim
1157 2403 1323 2465 Uredinum
1343 2403 1470 2486 specili-

459 2537 511 2580 cas
539 2517 721 2599 plerasque,
756 2521 799 2576 ita
823 2517 873 2579 vel
900 2523 999 2600 ipsam
1025 2521 1107 2577 inter
1128 2517 1290 2576 l’tuccinine
1313 2515 1469 2578 Urediais-

459 2649 520 2710 que
551 2648 648 2710 genas
682 2628 843 2710 diagnosin
874 2633 1048 2711 ganaricatn
1080 2627 1280 2689 vehementer
1314 2629 1467 2704 vacillare,

459 2759 553 2801 nemo
580 2737 668 2800 lacile
694 2745 740 2800 rei
768 2745 886 2821 peritus
917 2739 1035 2802 inficias
1064 2743 1132 2804 ibit.
1194 2740 1322 2826 Septule
1350 2741 1471 2802 scilicet

460 2853 613 2912 Pucciniis
650 2851 796 2912 solemnia
831 2854 913 2912 striis
948 2851 1204 2934 prohmdioribus
1235 2859 1269 2914 in
1296 2851 1471 2915 Uredinmn

461 2963 593 3044 sportulis
620 2961 797 3044 frequenter
826 2963 925 3026 obviis
952 2964 1059 3024 similia
1087 2965 1166 3026 adeo
1193 2985 1263 3027 esse
1288 2964 1408 3039 solent,
1436 2977 1471 3026 ut

461 3073 603 3155 dignosci
627 3077 674 3133 vix
702 3089 831 3156 queant:
866 3091 898 3136 et
924 3075 963 3136 ad
995 3074 1112 3136 caudae
1140 3075 1308 3160 firmaeque
1336 3078 1472 3159 proinde

460 3185 655 3248 adhaesionis
683 3189 917 3248 inconstantiam
945 3187 1031 3269 quod
1053 3193 1179 3263 attinet,
1210 3191 1283 3250 NN.
1307 3189 1376 3252 361.
1398 3187 1470 3271 373.

461 3317 499 3359 ac
519 3300 658 3378 inprimis
683 3295 754 3357 362.
775 3295 845 3359 363.
867 3296 937 3378 37²·
966 3299 1105 3362 laudasse
1133 3301 1275 3362 sulliciat.
1325 3305 1397 3364 Nec
1416 3323 1474 3384 pa·

462 3429 530 3470 rum
550 3409 623 3470 hinc
642 3409 776 3468 alimenti
798 3407 890 3468 trahit
909 3415 1046 3490 suspicio
1068 3411 1135 3488 illa,
1158 3413 1246 3496 cujus
1265 3413 1305 3474 ad
1324 3411 1360 3475 U.
1377 3413 1473 3474 liuen-

464 3545 525 3581 rem
547 3520 698 3604 (Synops.
721 3520 747 3579 1.
769 3542 803 3601 p.
826 3520 915 3600 216.)
943 3527 1081 3583 meminit
1109 3525 1167 3586 ccl.
1199 3525 1351 3600 Persona,
1386 3545 1475 3588 mera

464 3633 589 3716 quidem
610 3632 759 3694 hactenus
787 3632 1005 3714 hypothetica,
1034 3635 1091 3696 sed
1117 3641 1330 3718 urgentissima
1352 3651 1473 3698 umen:

463 3767 542 3806 anna
562 3750 594 3805 in
613 3744 725 3826 plantis
745 3763 894 3826 perquam
920 3745 1040 3818 multis,
1063 3746 1255 3826 'gratninibus
1274 3770 1305 3810 v.
1328 3769 1377 3823 c.,
1399 3751 1475 3810 Jun-

464 3861 529 3931 cis,
552 3857 706 3931 Circaeis,
728 3857 910 3938 Polygonis,
932 3855 1033 3930 Fabi,
1056 3857 1147 3920 Gallo
1162 3873 1222 3920 etc.
1244 3859 1390 3922 Uri-diues
1405 3861 1476 3920 lun-

464 3968 525 4050 gilli
555 3967 689 4052 juniores
721 3972 783 4030 sint
813 3965 958 4044 (dilutius
992 3968 1118 4029 colorati
1153 3975 1311 4053 magisque
1348 3975 1476 4051 aestivi)

465 4081 574 4152 iidem,
604 4083 656 4161 qui
679 4073 810 4167 perfecti
839 4078 952 4140 deinde
982 4081 1200 4158 (saturatiores
1220 4095 1252 4142 et
1271 4087 1367 4162 magis
1387 4098 1476 4146 autu·

387 4267 393 4274 Ι
465 4191 601 4270 mades)
635 4189 799 4250 Pucciuiae
832 4189 974 4251 audiant?
1014 4191 1115 4273 Digna
1141 4196 1248 4274 utique
1279 4193 1474 4276 hypothesis,

466 4307 498 4364 in
518 4323 608 4385 qnam
629 4306 762 4385 repetito
782 4305 918 4364 amnica
942 4303 1150 4386 tdteticteqtte
1170 4305 1390 4368 observatione
1410 4321 1478 4368 stu·

467 4415 556 4480 diosa
576 4419 754 4498 inquitatur.
