<?xml version="1.0" encoding="UTF-8"?>
<!DOCTYPE html PUBLIC "-//W3C//DTD XHTML 1.0 Transitional//EN"
    "http://www.w3.org/TR/xhtml1/DTD/xhtml1-transitional.dtd">
<html xmlns="http://www.w3.org/1999/xhtml" xml:lang="en" lang="en">
 <head>
  <title>
</title>
<meta http-equiv="Content-Type" content="text/html;charset=utf-8" />
  <meta name='ocr-system' content='tesseract 3.04.00' />
  <meta name='ocr-capabilities' content='ocr_page ocr_carea ocr_par ocr_line ocrx_word'/>
</head>
<body>
  <div class='ocr_page' id='page_1' title='image "./conspectusfungo00persgoog_0013.png"; bbox 0 0 3528 5482; ppageno 0'>
   <div class='ocr_carea' id='block_1_1' title="bbox 442 653 534 720">
    <p class='ocr_par' dir='ltr' id='par_1_1' title="bbox 442 653 534 720">
     <span class='ocr_line' id='line_1_1' title="bbox 442 653 534 720; baseline -0.022 0"><span class='ocrx_word' id='word_1_1' title='bbox 442 653 534 720; x_wconf 84' lang='lat' dir='ltr'>VIII</span> 
     </span>
    </p>
   </div>
   <div class='ocr_carea' id='block_1_2' title="bbox 425 811 1456 953">
    <p class='ocr_par' dir='ltr' id='par_1_2' title="bbox 425 811 1456 953">
     <span class='ocr_line' id='line_1_2' title="bbox 425 811 1456 953; baseline 0 -27"><span class='ocrx_word' id='word_1_2' title='bbox 425 811 534 953; x_wconf 33' lang='lat' dir='ltr'><strong>‘quas</strong></span> <span class='ocrx_word' id='word_1_3' title='bbox 563 853 630 950; x_wconf 90' lang='lat' dir='ltr'><strong>qui</strong></span> <span class='ocrx_word' id='word_1_4' title='bbox 655 851 738 924; x_wconf 89' lang='lat' dir='ltr'><strong>basi</strong></span> <span class='ocrx_word' id='word_1_5' title='bbox 764 851 929 940; x_wconf 84' lang='lat' dir='ltr'><strong>solidae,</strong></span> <span class='ocrx_word' id='word_1_6' title='bbox 956 875 1027 925; x_wconf 87' lang='lat' dir='ltr'><strong>neo</strong></span> <span class='ocrx_word' id='word_1_7' title='bbox 1045 855 1180 926; x_wconf 77' lang='lat' dir='ltr'><strong>sabulo</strong></span> <span class='ocrx_word' id='word_1_8' title='bbox 1205 855 1303 944; x_wconf 82' lang='lat' dir='ltr'><strong>levi,</strong></span> <span class='ocrx_word' id='word_1_9' title='bbox 1332 880 1456 953; x_wconf 86' lang='lat' dir='ltr'><strong>super·</strong></span> 
     </span>
    </p>
   </div>
   <div class='ocr_carea' id='block_1_3' title="bbox 352 987 1458 4472">
    <p class='ocr_par' dir='ltr' id='par_1_3' title="bbox 352 987 1458 4472">
     <span class='ocr_line' id='line_1_3' title="bbox 443 987 1454 1088; baseline -0.001 -23"><span class='ocrx_word' id='word_1_10' title='bbox 443 1008 590 1066; x_wconf 83' lang='lat' dir='ltr'><strong>struere</strong></span> <span class='ocrx_word' id='word_1_11' title='bbox 615 988 855 1060; x_wconf 86' lang='lat' dir='ltr'><strong>inanimum</strong></span> <span class='ocrx_word' id='word_1_12' title='bbox 880 987 1097 1075; x_wconf 82' lang='lat' dir='ltr'><strong>induxerit,</strong></span> <span class='ocrx_word' id='word_1_13' title='bbox 1124 988 1157 1062; x_wconf 90' lang='lat' dir='ltr'><strong>is</strong></span> <span class='ocrx_word' id='word_1_14' title='bbox 1183 990 1334 1088; x_wconf 86' lang='lat' dir='ltr'><strong>ingenii</strong></span> <span class='ocrx_word' id='word_1_15' title='bbox 1359 991 1454 1066; x_wconf 79' lang='lat' dir='ltr'><strong>lusi·</strong></span> 
     </span>
     <span class='ocr_line' id='line_1_4' title="bbox 442 1122 1458 1221; baseline 0.001 -22"><span class='ocrx_word' id='word_1_16' title='bbox 442 1125 515 1199; x_wconf 89' lang='lat' dir='ltr'><strong>bus</strong></span> <span class='ocrx_word' id='word_1_17' title='bbox 541 1123 650 1198; x_wconf 83' lang='lat' dir='ltr'><strong>vanis</strong></span> <span class='ocrx_word' id='word_1_18' title='bbox 673 1123 795 1194; x_wconf 91' lang='lat' dir='ltr'><strong>nullis</strong></span> <span class='ocrx_word' id='word_1_19' title='bbox 816 1122 1052 1220; x_wconf 83' lang='lat' dir='ltr'><strong>indulgebit,</strong></span> <span class='ocrx_word' id='word_1_20' title='bbox 1080 1123 1146 1196; x_wconf 86' lang='lat' dir='ltr'><strong>sed</strong></span> <span class='ocrx_word' id='word_1_21' title='bbox 1182 1142 1366 1220; x_wconf 86' lang='lat' dir='ltr'><strong>perpetuo</strong></span> <span class='ocrx_word' id='word_1_22' title='bbox 1393 1151 1458 1221; x_wconf 91' lang='lat' dir='ltr'><strong>po-</strong></span> 
     </span>
     <span class='ocr_line' id='line_1_5' title="bbox 441 1257 1457 1354; baseline 0.002 -21"><span class='ocrx_word' id='word_1_23' title='bbox 441 1261 519 1333; x_wconf 89' lang='lat' dir='ltr'><strong>tius</strong></span> <span class='ocrx_word' id='word_1_24' title='bbox 543 1257 788 1353; x_wconf 88' lang='lat' dir='ltr'><strong>microscopii</strong></span> <span class='ocrx_word' id='word_1_25' title='bbox 815 1257 950 1330; x_wconf 73' lang='lat' dir='ltr'><strong>diurni</strong></span> <span class='ocrx_word' id='word_1_26' title='bbox 966 1260 1230 1354; x_wconf 75' lang='lat' dir='ltr'><strong>nocturnique</strong></span> <span class='ocrx_word' id='word_1_27' title='bbox 1248 1285 1368 1334; x_wconf 84' lang='lat' dir='ltr'><strong>manu</strong></span> <span class='ocrx_word' id='word_1_28' title='bbox 1386 1279 1457 1335; x_wconf 86' lang='lat' dir='ltr'><strong>tra·</strong></span> 
     </span>
     <span class='ocr_line' id='line_1_6' title="bbox 441 1393 1455 1492; baseline 0.003 -23"><span class='ocrx_word' id='word_1_29' title='bbox 441 1397 532 1469; x_wconf 84' lang='lat' dir='ltr'><strong>ctsti</strong></span> <span class='ocrx_word' id='word_1_30' title='bbox 558 1419 650 1482; x_wconf 90' lang='lat' dir='ltr'><strong>usu,</strong></span> <span class='ocrx_word' id='word_1_31' title='bbox 679 1393 979 1490; x_wconf 85' lang='lat' dir='ltr'><strong>diligentissimo</strong></span> <span class='ocrx_word' id='word_1_32' title='bbox 1004 1417 1046 1466; x_wconf 86' lang='lat' dir='ltr'><strong>ao</strong></span> <span class='ocrx_word' id='word_1_33' title='bbox 1070 1395 1279 1468; x_wconf 80' lang='lat' dir='ltr'><strong>sexcenties</strong></span> <span class='ocrx_word' id='word_1_34' title='bbox 1295 1397 1455 1492; x_wconf 82' lang='lat' dir='ltr'><strong>repetito</strong></span> 
     </span>
     <span class='ocr_line' id='line_1_7' title="bbox 440 1527 1457 1626; baseline 0.002 -24"><span class='ocrx_word' id='word_1_35' title='bbox 440 1531 560 1604; x_wconf 89' lang='lat' dir='ltr'><strong>totius</strong></span> <span class='ocrx_word' id='word_1_36' title='bbox 580 1528 792 1626; x_wconf 81' lang='lat' dir='ltr'><strong>fungorum</strong></span> <span class='ocrx_word' id='word_1_37' title='bbox 808 1527 989 1602; x_wconf 79' lang='lat' dir='ltr'><strong>historiae</strong></span> <span class='ocrx_word' id='word_1_38' title='bbox 1009 1531 1305 1626; x_wconf 73' lang='lat' dir='ltr'><strong>praesertimque</strong></span> <span class='ocrx_word' id='word_1_39' title='bbox 1320 1530 1457 1604; x_wconf 69' lang='lat' dir='ltr'><strong>fructa⁴</strong></span> 
     </span>
     <span class='ocr_line' id='line_1_8' title="bbox 441 1663 1456 1762; baseline 0 -22"><span class='ocrx_word' id='word_1_40' title='bbox 441 1665 607 1740; x_wconf 82' lang='lat' dir='ltr'><strong>scentise</strong></span> <span class='ocrx_word' id='word_1_41' title='bbox 632 1664 827 1752; x_wconf 81' lang='lat' dir='ltr'><strong>examine,</strong></span> <span class='ocrx_word' id='word_1_42' title='bbox 854 1663 984 1736; x_wconf 75' lang='lat' dir='ltr'><strong>seduli</strong></span> <span class='ocrx_word' id='word_1_43' title='bbox 1009 1673 1208 1738; x_wconf 85' lang='lat' dir='ltr'><strong>auctorum</strong></span> <span class='ocrx_word' id='word_1_44' title='bbox 1223 1667 1456 1762; x_wconf 76' lang='lat' dir='ltr'><strong>per-lectione</strong></span> 
     </span>
     <span class='ocr_line' id='line_1_9' title="bbox 441 1800 1454 1896; baseline 0.001 -21"><span class='ocrx_word' id='word_1_45' title='bbox 441 1819 824 1895; x_wconf 82' lang='lat' dir='ltr'><strong>synonymorumque</strong></span> <span class='ocrx_word' id='word_1_46' title='bbox 865 1800 1094 1887; x_wconf 87' lang='lat' dir='ltr'><strong>collatione,</strong></span> <span class='ocrx_word' id='word_1_47' title='bbox 1137 1817 1174 1872; x_wconf 90' lang='lat' dir='ltr'><strong>et</strong></span> <span class='ocrx_word' id='word_1_48' title='bbox 1209 1825 1297 1896; x_wconf 85' lang='lat' dir='ltr'><strong>prae</strong></span> <span class='ocrx_word' id='word_1_49' title='bbox 1322 1801 1454 1876; x_wconf 82' lang='lat' dir='ltr'><strong>ceteris</strong></span> 
     </span>
     <span class='ocr_line' id='line_1_10' title="bbox 442 1934 1456 2030; baseline 0.001 -20"><span class='ocrx_word' id='word_1_50' title='bbox 442 1934 625 2010; x_wconf 89' lang='lat' dir='ltr'><strong>omnibus</strong></span> <span class='ocrx_word' id='word_1_51' title='bbox 645 1951 797 2006; x_wconf 72' lang='lat' dir='ltr'><strong>araturae</strong></span> <span class='ocrx_word' id='word_1_52' title='bbox 813 1938 920 2030; x_wconf 85' lang='lat' dir='ltr'><strong>ipsius</strong></span> <span class='ocrx_word' id='word_1_53' title='bbox 935 1939 1062 2024; x_wconf 80' lang='lat' dir='ltr'><strong>vivae,</strong></span> <span class='ocrx_word' id='word_1_54' title='bbox 1089 1935 1131 2006; x_wconf 91' lang='lat' dir='ltr'><strong>in</strong></span> <span class='ocrx_word' id='word_1_55' title='bbox 1150 1937 1358 2027; x_wconf 80' lang='lat' dir='ltr'><strong>sylvarum,</strong></span> <span class='ocrx_word' id='word_1_56' title='bbox 1386 1937 1456 2011; x_wconf 85' lang='lat' dir='ltr'><strong>sal·</strong></span> 
     </span>
     <span class='ocr_line' id='line_1_11' title="bbox 440 2068 1457 2168; baseline 0.001 -25"><span class='ocrx_word' id='word_1_57' title='bbox 440 2087 574 2158; x_wconf 87' lang='lat' dir='ltr'><strong>tuum,</strong></span> <span class='ocrx_word' id='word_1_58' title='bbox 601 2070 788 2165; x_wconf 85' lang='lat' dir='ltr'><strong>paludum</strong></span> <span class='ocrx_word' id='word_1_59' title='bbox 805 2070 1065 2165; x_wconf 77' lang='lat' dir='ltr'><strong>penetralibus</strong></span> <span class='ocrx_word' id='word_1_60' title='bbox 1080 2071 1268 2168; x_wconf 83' lang='lat' dir='ltr'><strong>vigentis,</strong></span> <span class='ocrx_word' id='word_1_61' title='bbox 1294 2068 1457 2146; x_wconf 75' lang='lat' dir='ltr'><strong>obserua-</strong></span> 
     </span>
     <span class='ocr_line' id='line_1_12' title="bbox 439 2205 1457 2301; baseline 0 -21"><span class='ocrx_word' id='word_1_62' title='bbox 439 2211 534 2280; x_wconf 84' lang='lat' dir='ltr'><strong>tione</strong></span> <span class='ocrx_word' id='word_1_63' title='bbox 550 2206 597 2278; x_wconf 83' lang='lat' dir='ltr'><strong>de</strong></span> <span class='ocrx_word' id='word_1_64' title='bbox 616 2205 735 2278; x_wconf 77' lang='lat' dir='ltr'><strong>disin</strong></span> <span class='ocrx_word' id='word_1_65' title='bbox 754 2205 856 2280; x_wconf 84' lang='lat' dir='ltr'><strong>diem</strong></span> <span class='ocrx_word' id='word_1_66' title='bbox 876 2205 1010 2278; x_wconf 77' lang='lat' dir='ltr'><strong>iterata</strong></span> <span class='ocrx_word' id='word_1_67' title='bbox 1031 2229 1173 2301; x_wconf 83' lang='lat' dir='ltr'><strong>perque</strong></span> <span class='ocrx_word' id='word_1_68' title='bbox 1197 2230 1388 2279; x_wconf 82' lang='lat' dir='ltr'><strong>annorum</strong></span> <span class='ocrx_word' id='word_1_69' title='bbox 1402 2229 1457 2280; x_wconf 80' lang='lat' dir='ltr'><strong>so·</strong></span> 
     </span>
     <span class='ocr_line' id='line_1_13' title="bbox 439 2340 1456 2440; baseline -0.001 -24"><span class='ocrx_word' id='word_1_70' title='bbox 439 2340 515 2416; x_wconf 86' lang='lat' dir='ltr'><strong>ries</strong></span> <span class='ocrx_word' id='word_1_71' title='bbox 533 2341 715 2438; x_wconf 73' lang='lat' dir='ltr'><strong>producti</strong></span> <span class='ocrx_word' id='word_1_72' title='bbox 732 2379 783 2398; x_wconf 89' lang='lat'><em>-</em></span> <span class='ocrx_word' id='word_1_73' title='bbox 801 2365 897 2438; x_wconf 90' lang='lat' dir='ltr'><strong>opus</strong></span> <span class='ocrx_word' id='word_1_74' title='bbox 922 2341 1117 2414; x_wconf 85' lang='lat' dir='ltr'><strong>absolvere</strong></span> <span class='ocrx_word' id='word_1_75' title='bbox 1136 2340 1312 2414; x_wconf 84' lang='lat' dir='ltr'><strong>studebit.</strong></span> <span class='ocrx_word' id='word_1_76' title='bbox 1342 2340 1456 2440; x_wconf 78' lang='lat' dir='ltr'><strong>Quod</strong></span> 
     </span>
     <span class='ocr_line' id='line_1_14' title="bbox 440 2475 1455 2575; baseline 0.002 -25"><span class='ocrx_word' id='word_1_77' title='bbox 440 2478 511 2575; x_wconf 88' lang='lat' dir='ltr'><strong>qui</strong></span> <span class='ocrx_word' id='word_1_78' title='bbox 533 2501 646 2550; x_wconf 83' lang='lat' dir='ltr'><strong>curae</strong></span> <span class='ocrx_word' id='word_1_79' title='bbox 669 2476 890 2565; x_wconf 80' lang='lat' dir='ltr'><strong>habuerint,</strong></span> <span class='ocrx_word' id='word_1_80' title='bbox 933 2475 1207 2550; x_wconf 76' lang='lat' dir='ltr'><strong>monstrosis</strong></span> <span class='ocrx_word' id='word_1_81' title='bbox 1241 2492 1340 2550; x_wconf 82' lang='lat' dir='ltr'><strong>certe</strong></span> <span class='ocrx_word' id='word_1_82' title='bbox 1368 2475 1455 2552; x_wconf 79' lang='lat' dir='ltr'><strong>istis</strong></span> 
     </span>
     <span class='ocr_line' id='line_1_15' title="bbox 439 2611 1456 2710; baseline -0.002 -24"><span class='ocrx_word' id='word_1_83' title='bbox 439 2611 718 2710; x_wconf 82' lang='lat' dir='ltr'><strong>hypothesibus</strong></span> <span class='ocrx_word' id='word_1_84' title='bbox 746 2611 819 2684; x_wconf 88' lang='lat' dir='ltr'><strong>sibi</strong></span> <span class='ocrx_word' id='word_1_85' title='bbox 842 2611 1052 2701; x_wconf 83' lang='lat' dir='ltr'><strong>cavebunt,</strong></span> <span class='ocrx_word' id='word_1_86' title='bbox 1086 2613 1218 2708; x_wconf 85' lang='lat' dir='ltr'><strong>quales</strong></span> <span class='ocrx_word' id='word_1_87' title='bbox 1242 2611 1456 2708; x_wconf 85' lang='lat' dir='ltr'><strong>nuperrimi</strong></span> 
     </span>
     <span class='ocr_line' id='line_1_16' title="bbox 440 2745 1454 2842; baseline -0.003 -20"><span class='ocrx_word' id='word_1_88' title='bbox 440 2747 661 2822; x_wconf 73' lang='lat' dir='ltr'><strong>mirabundi</strong></span> <span class='ocrx_word' id='word_1_89' title='bbox 688 2772 797 2834; x_wconf 84' lang='lat' dir='ltr'><strong>sans,</strong></span> <span class='ocrx_word' id='word_1_90' title='bbox 839 2745 1038 2842; x_wconf 85' lang='lat' dir='ltr'><strong>oculisque</strong></span> <span class='ocrx_word' id='word_1_91' title='bbox 1067 2748 1211 2820; x_wconf 89' lang='lat' dir='ltr'><strong>nostris</strong></span> <span class='ocrx_word' id='word_1_92' title='bbox 1238 2747 1359 2820; x_wconf 78' lang='lat' dir='ltr'><strong>fidem</strong></span> <span class='ocrx_word' id='word_1_93' title='bbox 1385 2747 1454 2820; x_wconf 86' lang='lat' dir='ltr'><strong>diu</strong></span> 
     </span>
     <span class='ocr_line' id='line_1_17' title="bbox 439 2881 1451 2982; baseline 0 -26"><span class='ocrx_word' id='word_1_94' title='bbox 439 2884 690 2982; x_wconf 78' lang='lat' dir='ltr'><strong>denegantes,</strong></span> <span class='ocrx_word' id='word_1_95' title='bbox 724 2882 767 2954; x_wconf 89' lang='lat' dir='ltr'><strong>in</strong></span> <span class='ocrx_word' id='word_1_96' title='bbox 792 2881 919 2954; x_wconf 88' lang='lat' dir='ltr'><strong>lucem</strong></span> <span class='ocrx_word' id='word_1_97' title='bbox 942 2883 1109 2977; x_wconf 75' lang='lat' dir='ltr'><strong>prolatas</strong></span> <span class='ocrx_word' id='word_1_98' title='bbox 1133 2882 1320 2981; x_wconf 77' lang='lat' dir='ltr'><strong>legimust</strong></span> <span class='ocrx_word' id='word_1_99' title='bbox 1354 2907 1390 2953; x_wconf 81' lang='lat' dir='ltr'><strong>v.</strong></span> <span class='ocrx_word' id='word_1_100' title='bbox 1415 2903 1451 2980; x_wconf 83' lang='lat' dir='ltr'><strong>g.</strong></span> 
     </span>
     <span class='ocr_line' id='line_1_18' title="bbox 440 2997 1455 3114; baseline -0.002 -22"><span class='ocrx_word' id='word_1_101' title='bbox 440 3019 556 3092; x_wconf 89' lang='lat' dir='ltr'><strong>unius</strong></span> <span class='ocrx_word' id='word_1_102' title='bbox 581 3016 827 3114; x_wconf 81' lang='lat' dir='ltr'><strong>ejusdemque</strong></span> <span class='ocrx_word' id='word_1_103' title='bbox 842 3016 1038 3112; x_wconf 82' lang='lat' dir='ltr'><strong>zoophyti</strong></span> <span class='ocrx_word' id='word_1_104' title='bbox 1052 3041 1174 3091; x_wconf 85' lang='lat' dir='ltr'><strong>meras</strong></span> <span class='ocrx_word' id='word_1_105' title='bbox 1190 2997 1390 3092; x_wconf 71' lang='lat' dir='ltr'><strong>varietates</strong></span> <span class='ocrx_word' id='word_1_106' title='bbox 1406 3039 1455 3090; x_wconf 79' lang='lat' dir='ltr'><strong>ex</strong></span> 
     </span>
     <span class='ocr_line' id='line_1_19' title="bbox 440 3153 1454 3251; baseline -0.007 -21"><span class='ocrx_word' id='word_1_107' title='bbox 440 3171 608 3230; x_wconf 82' lang='lat' dir='ltr'><strong>aetatum</strong></span> <span class='ocrx_word' id='word_1_108' title='bbox 623 3153 837 3226; x_wconf 84' lang='lat' dir='ltr'><strong>mutatione</strong></span> <span class='ocrx_word' id='word_1_109' title='bbox 855 3153 1039 3228; x_wconf 84' lang='lat' dir='ltr'><strong>morbove</strong></span> <span class='ocrx_word' id='word_1_110' title='bbox 1066 3171 1165 3226; x_wconf 86' lang='lat' dir='ltr'><strong>ortas</strong></span> <span class='ocrx_word' id='word_1_111' title='bbox 1187 3154 1321 3226; x_wconf 87' lang='lat' dir='ltr'><strong>sistere</strong></span> <span class='ocrx_word' id='word_1_112' title='bbox 1338 3157 1454 3251; x_wconf 77' lang='lat' dir='ltr'><strong>byco-</strong></span> 
     </span>
     <span class='ocr_line' id='line_1_20' title="bbox 437 3290 1455 3389; baseline 0 -29"><span class='ocrx_word' id='word_1_113' title='bbox 437 3291 591 3388; x_wconf 83' lang='lat' dir='ltr'><strong>perdon‚</strong></span> <span class='ocrx_word' id='word_1_114' title='bbox 625 3293 809 3376; x_wconf 81' lang='lat' dir='ltr'><strong>Pezizom,</strong></span> <span class='ocrx_word' id='word_1_115' title='bbox 852 3290 1037 3374; x_wconf 80' lang='lat' dir='ltr'><strong>Boletum,</strong></span> <span class='ocrx_word' id='word_1_116' title='bbox 1082 3290 1264 3389; x_wconf 74' lang='lat' dir='ltr'><strong>Hydnum</strong></span> <span class='ocrx_word' id='word_1_117' title='bbox 1297 3291 1455 3386; x_wconf 80' lang='lat' dir='ltr'><strong>(Voigts</strong></span> 
     </span>
     <span class='ocr_line' id='line_1_21' title="bbox 437 3416 1452 3526; baseline -0.005 -29"><span class='ocrx_word' id='word_1_118' title='bbox 437 3429 594 3526; x_wconf 72' lang='lat' dir='ltr'><strong>Magos.</strong></span> <span class='ocrx_word' id='word_1_119' title='bbox 620 3419 659 3523; x_wconf 93' lang='grc' dir='ltr'><strong>Ι.</strong></span> <span class='ocrx_word' id='word_1_120' title='bbox 697 3426 731 3494; x_wconf 72' lang='lat' dir='ltr'><strong>d„</strong></span> <span class='ocrx_word' id='word_1_121' title='bbox 774 3423 1033 3510; x_wconf 74' lang='lat' dir='ltr'><strong>Noturlaunde,</strong></span> <span class='ocrx_word' id='word_1_122' title='bbox 1074 3423 1145 3496; x_wconf 80' lang='lat' dir='ltr'><strong>vot</strong></span> <span class='ocrx_word' id='word_1_123' title='bbox 1181 3427 1250 3494; x_wconf 92' lang='lat' dir='ltr'><strong>VI.</strong></span> <span class='ocrx_word' id='word_1_124' title='bbox 1284 3416 1382 3520; x_wconf 81' lang='lat' dir='ltr'><strong>fasc.</strong></span> <span class='ocrx_word' id='word_1_125' title='bbox 1418 3429 1452 3496; x_wconf 87' lang='grc'><strong>6.</strong></span> 
     </span>
     <span class='ocr_line' id='line_1_22' title="bbox 435 3554 1455 3660; baseline -0.006 -26"><span class='ocrx_word' id='word_1_126' title='bbox 435 3587 526 3660; x_wconf 82' lang='lat' dir='ltr'><strong>pag.</strong></span> <span class='ocrx_word' id='word_1_127' title='bbox 554 3581 627 3650; x_wconf 78' lang='lat'><strong>503</strong></span> <span class='ocrx_word' id='word_1_128' title='bbox 654 3556 773 3655; x_wconf 82' lang='lat' dir='ltr'><strong>sqq.)!</strong></span> <span class='ocrx_word' id='word_1_129' title='bbox 798 3573 863 3630; x_wconf 88' lang='lat' dir='ltr'><strong>aut</strong></span> <span class='ocrx_word' id='word_1_130' title='bbox 888 3555 1006 3628; x_wconf 80' lang='lat' dir='ltr'><strong>Phalli</strong></span> <span class='ocrx_word' id='word_1_131' title='bbox 1031 3558 1200 3652; x_wconf 70' lang='lat' dir='ltr'><strong>inpudici</strong></span> <span class='ocrx_word' id='word_1_132' title='bbox 1230 3554 1455 3653; x_wconf 79' lang='lat' dir='ltr'><strong>progeniem</strong></span> 
     </span>
     <span class='ocr_line' id='line_1_23' title="bbox 437 3685 1453 3792; baseline -0.008 -24"><span class='ocrx_word' id='word_1_133' title='bbox 437 3719 518 3770; x_wconf 87' lang='lat' dir='ltr'><strong>esse</strong></span> <span class='ocrx_word' id='word_1_134' title='bbox 545 3693 764 3766; x_wconf 81' lang='lat' dir='ltr'><strong>Tubulinom</strong></span> <span class='ocrx_word' id='word_1_135' title='bbox 778 3685 1066 3792; x_wconf 78' lang='lat' dir='ltr'><strong>fragifonnem,</strong></span> <span class='ocrx_word' id='word_1_136' title='bbox 1092 3713 1190 3786; x_wconf 83' lang='lat' dir='ltr'><strong>quae</strong></span> <span class='ocrx_word' id='word_1_137' title='bbox 1214 3691 1364 3764; x_wconf 82' lang='lat' dir='ltr'><strong>exoleta</strong></span> <span class='ocrx_word' id='word_1_138' title='bbox 1389 3687 1453 3760; x_wconf 83' lang='lat' dir='ltr'><strong>de·</strong></span> 
     </span>
     <span class='ocr_line' id='line_1_24' title="bbox 436 3817 1452 3921; baseline -0.01 -17"><span class='ocrx_word' id='word_1_139' title='bbox 436 3853 546 3904; x_wconf 89' lang='lat' dir='ltr'><strong>mum</strong></span> <span class='ocrx_word' id='word_1_140' title='bbox 571 3831 615 3902; x_wconf 91' lang='lat' dir='ltr'><strong>in</strong></span> <span class='ocrx_word' id='word_1_141' title='bbox 639 3829 826 3902; x_wconf 82' lang='lat' dir='ltr'><strong>Lichenem</strong></span> <span class='ocrx_word' id='word_1_142' title='bbox 842 3825 1048 3921; x_wconf 81' lang='lat' dir='ltr'><strong>paschalem</strong></span> <span class='ocrx_word' id='word_1_143' title='bbox 1065 3825 1170 3898; x_wconf 82' lang='lat' dir='ltr'><strong>abest</strong></span> <span class='ocrx_word' id='word_1_144' title='bbox 1185 3825 1222 3916; x_wconf 81' lang='lat' dir='ltr'><strong>(t</strong></span> <span class='ocrx_word' id='word_1_145' title='bbox 1242 3850 1271 3896; x_wconf 89' lang='lat' dir='ltr'><strong>c.</strong></span> <span class='ocrx_word' id='word_1_146' title='bbox 1287 3851 1325 3920; x_wconf 84' lang='lat' dir='ltr'><strong>p.</strong></span> <span class='ocrx_word' id='word_1_147' title='bbox 1342 3817 1452 3914; x_wconf 84' lang='lat'><strong>506)!</strong></span> 
     </span>
     <span class='ocr_line' id='line_1_25' title="bbox 437 3957 1453 4064; baseline -0.009 -27"><span class='ocrx_word' id='word_1_148' title='bbox 437 3983 505 4038; x_wconf 76' lang='lat' dir='ltr'><strong>sut</strong></span> <span class='ocrx_word' id='word_1_149' title='bbox 522 3966 782 4064; x_wconf 82' lang='lat' dir='ltr'><strong>glomerulum</strong></span> <span class='ocrx_word' id='word_1_150' title='bbox 797 3960 912 4034; x_wconf 86' lang='lat' dir='ltr'><strong>illum</strong></span> <span class='ocrx_word' id='word_1_151' title='bbox 928 3961 1097 4056; x_wconf 85' lang='lat' dir='ltr'><strong>pulveris</strong></span> <span class='ocrx_word' id='word_1_152' title='bbox 1119 3960 1163 4031; x_wconf 91' lang='lat' dir='ltr'><strong>in</strong></span> <span class='ocrx_word' id='word_1_153' title='bbox 1182 3957 1453 4032; x_wconf 82' lang='lat' dir='ltr'><strong>Trichoderruu·</strong></span> 
     </span>
     <span class='ocr_line' id='line_1_26' title="bbox 436 4087 1453 4194; baseline -0.01 -22"><span class='ocrx_word' id='word_1_154' title='bbox 436 4118 471 4174; x_wconf 88' lang='lat' dir='ltr'><strong>te</strong></span> <span class='ocrx_word' id='word_1_155' title='bbox 494 4125 592 4176; x_wconf 84' lang='lat' dir='ltr'><strong>roseo</strong></span> <span class='ocrx_word' id='word_1_156' title='bbox 618 4099 702 4174; x_wconf 76' lang='lat' dir='ltr'><strong>fuis</strong></span> <span class='ocrx_word' id='word_1_157' title='bbox 726 4098 857 4185; x_wconf 82' lang='lat' dir='ltr'><strong>mixti,</strong></span> <span class='ocrx_word' id='word_1_158' title='bbox 885 4121 905 4172; x_wconf 82' lang='lat' dir='ltr'><strong>a</strong></span> <span class='ocrx_word' id='word_1_159' title='bbox 929 4098 977 4168; x_wconf 86' lang='lat' dir='ltr'><strong>ol.</strong></span> <span class='ocrx_word' id='word_1_160' title='bbox 1002 4089 1238 4194; x_wconf 84' lang='lat' dir='ltr'><strong>Hoffmanno</strong></span> <span class='ocrx_word' id='word_1_161' title='bbox 1253 4087 1348 4192; x_wconf 85' lang='lat' dir='ltr'><strong>flor.</strong></span> <span class='ocrx_word' id='word_1_162' title='bbox 1369 4115 1453 4191; x_wconf 76' lang='lat' dir='ltr'><strong>gen·</strong></span> 
     </span>
     <span class='ocr_line' id='line_1_27' title="bbox 436 4227 1455 4336; baseline -0.008 -26"><span class='ocrx_word' id='word_1_163' title='bbox 436 4263 533 4310; x_wconf 83' lang='lat' dir='ltr'><strong>mun.</strong></span> <span class='ocrx_word' id='word_1_164' title='bbox 551 4253 720 4336; x_wconf 73' lang='lat' dir='ltr'><strong>cryptog.</strong></span> <span class='ocrx_word' id='word_1_165' title='bbox 738 4232 810 4306; x_wconf 85' lang='lat' dir='ltr'><strong>tob.</strong></span> <span class='ocrx_word' id='word_1_166' title='bbox 831 4237 884 4320; x_wconf 88' lang='lat' dir='ltr'><strong>X,</strong></span> <span class='ocrx_word' id='word_1_167' title='bbox 914 4259 929 4304; x_wconf 87' lang='grc' dir='ltr'>ι</span> <span class='ocrx_word' id='word_1_168' title='bbox 960 4231 1007 4304; x_wconf 84' lang='lat' dir='ltr'><strong>ad</strong></span> <span class='ocrx_word' id='word_1_169' title='bbox 1033 4229 1231 4304; x_wconf 85' lang='lat' dir='ltr'><strong>modicum</strong></span> <span class='ocrx_word' id='word_1_170' title='bbox 1256 4227 1373 4300; x_wconf 83' lang='lat' dir='ltr'><strong>lentis</strong></span> <span class='ocrx_word' id='word_1_171' title='bbox 1391 4249 1455 4302; x_wconf 85' lang='lat' dir='ltr'><strong>au·</strong></span> 
     </span>
     <span class='ocr_line' id='line_1_28' title="bbox 352 4361 1451 4472; baseline -0.012 -25"><span class='ocrx_word' id='word_1_172' title='bbox 352 4433 360 4446; x_wconf 94' lang='lat'>.</span> <span class='ocrx_word' id='word_1_173' title='bbox 437 4389 638 4472; x_wconf 86' lang='lat' dir='ltr'><strong>gmentum</strong></span> <span class='ocrx_word' id='word_1_174' title='bbox 665 4369 826 4442; x_wconf 86' lang='lat' dir='ltr'><strong>seorsim</strong></span> <span class='ocrx_word' id='word_1_175' title='bbox 848 4368 1016 4464; x_wconf 88' lang='lat' dir='ltr'><strong>pictum,</strong></span> <span class='ocrx_word' id='word_1_176' title='bbox 1043 4391 1114 4462; x_wconf 84' lang='lat' dir='ltr'><strong>pro</strong></span> <span class='ocrx_word' id='word_1_177' title='bbox 1132 4363 1334 4458; x_wconf 82' lang='lat' dir='ltr'><strong>Zoophyto</strong></span> <span class='ocrx_word' id='word_1_178' title='bbox 1359 4361 1451 4434; x_wconf 76' lang='lat' dir='ltr'><strong>item</strong></span> 
     </span>
    </p>
   </div>
   <div class='ocr_carea' id='block_1_4' title="bbox 0 0 1768 5479">
    <p class='ocr_par' dir='ltr' id='par_1_4' title="bbox 0 0 1768 5479">
     <span class='ocr_line' id='line_1_29' title="bbox 0 0 1768 5479; baseline 0 0"><span class='ocrx_word' id='word_1_179' title='bbox 0 0 1768 5479; x_wconf 95' lang='lat' dir='ltr'><strong> </strong></span> 
     </span>
    </p>
   </div>
  </div>
 </body>
</html>
