3582 5482
458 683 499 747 β
878 705 1058 724 ..ι-

459 841 671 908 stimuum
691 843 740 906 vel
760 843 934 908 uulliteuus
954 843 1184 918 consolidatur,
1206 845 1267 908 sed
1277 843 1386 908 fluxilis
1398 865 1473 927 per·

458 963 572 1021 sistens
592 957 819 1020 membranulae
840 957 963 1018 taudem
982 961 1100 1019 vertice
1118 973 1212 1039 rupto
1233 961 1473 1040 circumquaque

457 1069 626 1143 rodanim
649 1069 699 1130 vel
718 1090 855 1154 eousque
875 1085 993 1132 tautum
1012 1073 1214 1152 inspissatur,
1235 1085 1271 1131 ut
1287 1074 1379 1152 spice
1395 1069 1472 1132 fisso

458 1183 585 1246 cirrhuli
604 1179 773 1246 lusiformis
792 1187 826 1243 iu
846 1187 984 1265 speciem
1006 1181 1155 1264 profluat.
1196 1185 1267 1246 Nos
1287 1181 1393 1244 saltcm
1415 1183 1473 1244 iru-

457 1293 592 1378 jusmodi
613 1295 783 1369 cirrhulos,
804 1310 943 1358 assumto
965 1311 1041 1378 post
1057 1311 1238 1356 nocturnam
1254 1298 1389 1378 quietem
1404 1315 1473 1356 crs»

457 1412 558 1482 nine,
580 1405 662 1490 juxta
682 1427 736 1468 ors
757 1407 958 1489 semipatuls‚
986 1427 1046 1488 per
1066 1403 1210 1468 effluxum
1230 1407 1341 1489 procul
1362 1407 1470 1481 dubio,

403 1603 407 1610 ⁶
456 1519 645 1583 recubantes
672 1524 891 1601 conspeximus
925 1520 1106 1582 eorumdem
1134 1525 1357 1600 speciminum,
1393 1541 1471 1602 qums

457 1635 589 1716 vesperi
610 1631 818 1714 praecedente
839 1632 963 1696 vssculo
987 1653 1043 1696 suo
1062 1637 1166 1694 serui-
1178 1652 1301 1695 emerso
1322 1648 1473 1694 coronate

458 1745 783 1808 animadverteremus.
829 1744 917 1806 Prius
945 1743 1035 1806 uobis
1056 1745 1268 1826 spectaculum
1288 1764 1396 1826 greges
1417 1765 1472 1808 au·

460 1857 629 1932 manuales,
656 1860 815 1940 posterius
843 1855 983 1918 vernales
1005 1857 1185 1939 praebuere
1204 1887 1248 1904 -
1266 1857 1474 1938 Praepulchrs

460 1985 599 2030 ceterum
619 1973 743 2050 species
763 1974 824 2030 irus
838 1969 988 2052 sylvarum
1002 1987 1171 2049 opacorum
1191 1984 1272 2029 eruut
1291 1969 1470 2050 penetralis,

460 2080 513 2142 ubi
542 2097 641 2142 terrac
668 2079 770 2142 nudae
791 2081 837 2142 vel
858 2085 991 2154 muscis,
1027 2079 1125 2154 foliis,
1154 2079 1313 2162 stipitibus
1340 2081 1472 2162 putridis

458 2194 543 2256 humi
563 2193 732 2278 jacentibus
754 2193 929 2273 (interdum
950 2209 1016 2276 tqta
1036 2193 1184 2274 obtecta)
1211 2197 1337 2256 instrata
1357 2198 1473 2274 passim

459 2312 599 2368 occurrit
626 2305 806 2385 (moinum
833 2305 964 2387 Haidc).
1021 2305 1180 2368 Autumno
1208 2310 1327 2370 seriore
1352 2311 1473 2386 primo·

459 2439 520 2502 que
541 2437 625 2484 vete.

731 2722 1208 2807 qP1L0oosus

543 2891 610 2954 sqq.
643 2869 680 2930 Ρ.
705 2869 989 2953 crystallinus:

460 2985 586 3067 Fungus
606 2987 675 3064 ipss
703 2983 887 3064 ephemerus
908 2997 973 3044 est:
1001 2981 1058 3046 sed
1084 2981 1158 3064 pilei
1185 2980 1270 3066 ejus,
1303 2979 1473 3044 almurus

460 3111 569 3160 senoco
590 3093 739 3178 praediti,
770 3109 937 3177 postquam
968 3094 1104 3177 projecti
1130 3108 1219 3170 sunt,
1247 3093 1401 3176 paullatim
1421 3113 1474 3156 es·

460 3211 588 3281 siccati,
610 3207 782 3270 diutissime
802 3211 983 3287 persistunt.
1026 3207 1151 3269 Praeter
1171 3221 1292 3269 stercus
1312 3211 1473 3268 vaccinum
1545 3215 1549 3222 '

459 3335 494 3381 ct
513 3325 676 3400 equinum,
712 3338 789 3402 quac
815 3316 945 3399 uulgaris
972 3318 1098 3392 incolit,
1134 3319 1297 3401 aliquoties
1324 3324 1414 3380 etium
1441 3321 1474 3379 iu

460 3433 630 3506 succendi,
661 3448 693 3493 ct
713 3435 838 3514 insignis
867 3431 993 3513 quidem
1019 3431 1134 3492 stasmi
1159 3451 1197 3491 sc
1217 3431 1350 3504 luxurie,
1384 3431 1474 3494 uobis

460 3549 561 3607 visus:
598 3525 698 3607 snindr
730 3559 841 3606 contra
866 3557 898 3604 ct
929 3542 1092 3606 delicatior
1118 3541 1252 3604 iuliano
1281 3543 1472 3626 capreolirto,

459 3657 540 3720 locis
559 3657 715 3722 umbrosis
733 3655 930 3719 humectibus
950 3655 1083 3738 jacente.
1126 3657 1219 3718 Otnni
1237 3657 1310 3718 artui
1330 3670 1475 3738 tempore

460 3767 599 3834 humido.

543 3881 607 3965 298.
639 3883 675 3944 P.
702 3882 876 3944 rorldus.

325 4073 329 4082 .
460 3995 605 4058 Actutum
640 3995 765 4076 quidun
792 3999 889 4056 varias
914 3991 1140 4056 vicissitudines
1167 3995 1201 4052 iu
1227 3989 1352 4075 murgillo
1378 3992 1474 4056 mmai

462 4121 580 4168 tantum
600 4108 679 4169 locis
694 4111 823 4169 reruotis
842 4107 996 4186 (Diehsc)
1016 4107 1116 4180 lecto,
1139 4109 1276 4166 omniurn
1292 4107 1472 4176 tenesrhuo,

401 4286 406 4294 ¹
461 4239 524 4280 nec
556 4220 703 4280 incolumi
734 4219 861 4280 domum
896 4217 1151 4300 transportando,
1186 4221 1375 4300 perscrutari
1408 4236 1475 4278 uou

461 4329 564 4393 licuit:
600 4330 658 4392 sed
685 4351 749 4416 quo
775 4337 877 4394 miuus
906 4351 977 4392 cum
1011 4330 1219 4413 praecedente
1256 4328 1472 4412 conjungatur,

462 4443 519 4506 vel.
547 4447 621 4526 ipsa.
645 4443 779 4527 perlecti
803 4463 840 4506 uc
873 4442 1091 4508 inessemus
1121 4443 1221 4506 lomus
1255 4441 1472 4514 diversissima,
