3582 5482
767 705 943 722 --
1318 673 1358 755 ⁵9

426 851 489 934 169.
522 812 565 914 H.
594 849 922 914 arundinaceum.

343 966 427 1028 Huic
446 965 644 1048 perirhecium
665 963 792 1026 dubium
812 983 901 1039 esse,
926 983 992 1024 non
1012 985 1199 1047 possumus,
1221 973 1296 1050 quin
1316 967 1356 1030 cl.

345 1077 509 1139 Persoonio
537 1080 750 1140 essentiarum.
803 1075 986 1138 Immersum
1006 1092 1055 1138 est
1074 1079 1123 1140 vel
1143 1067 1359 1160 sub'prominu·

343 1189 424 1253 lum:
453 1205 564 1252 centro
581 1193 756 1270 nigricans,
782 1193 917 1270 margine
937 1188 1117 1254 lirscescens
1137 1190 1187 1252 vel
1206 1195 1240 1252 in
1258 1190 1357 1254 ferru-

343 1306 467 1384 ginemn
493 1301 692 1384 subvergens.
740 1301 777 1360 ln
798 1299 1023 1380 Plregmitidis
1044 1302 1152 1364 culmis
1171 1303 1265 1367 aridis
1284 1313 1359 1385 pa's·

345 1419 414 1476 sim.
457 1414 606 1476 Perenne.

424 1545 503 1588 oss.
545 1527 634 1587 Duae
655 1539 822 1606 supersunt
843 1529 985 1606 species,
1016 1545 1093 1608 quse
1122 1545 1221 1588 novae
1249 1527 1357 1592 vider-

346 1653 412 1712 tur,
435 1659 511 1722 quas
531 1658 607 1698 vero
626 1637 766 1698 nondum
787 1642 861 1700 sutis
881 1637 1052 1718 exploratas
1072 1641 1105 1704 lu
1123 1643 1277 1701 civitatem
1291 1641 1359 1702 liuc-
1446 1677 1449 1685 ·

345 1766 435 1812 tenus
455 1770 521 1811 non
539 1750 729 1812 admisimus.
780 1751 844 1812 Hes
865 1771 902 1812 ex
921 1769 981 1823 eo,
1012 1750 1097 1831 quod
1118 1755 1151 1812 in
1170 1753 1358 1834 praefamine

345 1867 561 1944 exposuimus,
594 1866 737 1924 instituto
763 1862 803 1924 ad
822 1865 944 1944 generis
965 1862 1082 1924 calcem
1103 1863 1258 1947 subjectus
1278 1865 1358 1926 ulte·
1435 1889 1438 1898 “

246 2061 248 2068 .
344 1978 420 2034 riori
438 1974 690 2058 mycophssorum
710 1974 844 2056 indagini
866 1975 1097 2038 commendatas
1118 1975 1257 2036 velimus.

424 2108 452 2148 e.
490 2087 530 2146 H.
558 2085 666 2149 uiride,
715 2087 758 2148 H.
787 2085 904 2148 nudum
934 2089 1018 2165 (non
1047 2091 1234 2169 erumpens)
1264 2091 1357 2150 serui·

286 2213 290 2218 ·
345 2201 523 2272 immersum
550 2219 691 2280 sparsum
719 2197 889 2280 oblongum
915 2197 1165 2272 subnexuosum,
1195 2215 1282 2260 extus
1309 2203 1358 2260 ni·

345 2329 449 2392 grum,
491 2315 573 2372 intus
614 2309 721 2388 (labiis
762 2309 1010 2388 dehiscentibus)
1046 2309 1154 2370 viride.
1216 2311 1357 2385 Parvum,

345 2421 455 2484 lineam
479 2443 492 2484 t
515 2422 656 2505 longum,
681 2427 729 2482 vix
749 2421 938 2484 semilineam
957 2422 1062 2484 latum.
1104 2421 1141 2482 ln
1160 2421 1244 2503 ligno
1265 2427 1360 2486 semi·

345 2540 429 2616 putri
457 2535 617 2620 quercino,
652 2549 687 2594 ut
720 2534 882 2596 videbatur
911 2527 1251 2619 (stloydlumcnlrusclr).
1300 2535 1360 2596 Ex·

347 2662 440 2709 eunte
459 2647 585 2708 Martio.

425 2759 456 2820 b.
480 2759 520 2820 H.
540 2757 701 2841 petiolere.
744 2759 786 2820 Η.
809 2758 1068 2838 simplicissimmn
1096 2763 1274 2821 immersum
1296 2757 1359 2822 elli·
1460 2827 1466 2847 Ι
1566 2745 1570 2754 ’

347 2874 465 2953 ptluum
491 2871 619 2932 sordide
642 2873 782 2951 ¹nigrum.
844 2870 947 2931 Simile
975 2871 1015 2930 Η.
1045 2855 1268 2944 druridluocco,
1302 2870 1359 2932 sed

313 2985 322 2994 '
346 2987 492 3048 mixturae
520 2981 627 3046 fuscae
655 2982 704 3043 vel
730 2981 922 3063 ferrugineae
948 3001 1080 3063 prorsus
1101 3003 1228 3064 expers,
1258 2985 1359 3044 omni-

347 3116 408 3178 que
428 3095 620 3176 perithecio,
648 3109 683 3154 ut
713 3093 849 3167 videtur,
880 3094 1071 3156 destitutum.
1112 3097 1233 3164 Forsan
1251 3093 1360 3156 velud

348 3203 554 3290 Scillospores
573 3205 736 3288 aliquando
758 3204 964 3288 ablegamur,
989 3207 1037 3267 vel
1057 3227 1094 3268 er
1115 3207 1178 3268 toti
1197 3205 1359 3287 fungorum
1434 3245 1437 3252 ·

347 3319 446 3382 classe
473 3307 614 3382 exulabit.
671 3317 709 3378 In
734 3318 860 3398 petiolis
880 3322 1051 3400 ¹nervisque
1080 3317 1224 3380 foliorum
1246 3318 1360 3376 Aceris
1410 3363 1412 3370 ,

349 3431 588 3514 Pseudoplatenr'
608 3433 822 3510 serniputrium
843 3429 1036 3511 dejectorum
1058 3430 1229 3510 (Molrolzer
1246 3427 1358 3507 Heidc)

347 3565 411 3606 non
431 3543 620 3630 initoquens.
663 3542 780 3624 Aprili,
806 3543 904 3602 Maio.

610 3771 1096 3892 exrcoma

707 3975 736 4022 Α.
768 3971 1005 4020 EPIXYLA.

426 4125 508 4168 oss.
550 4107 673 4167 Novem
700 4123 776 4166 ecce
797 4103 1019 4166 introducimus
1041 4100 1197 4174 familiam,
1232 4121 1360 4183 praece-

347 4215 432 4278 denti
457 4221 563 4302 generi
597 4223 791 4300 contiguam,
829 4220 949 4298 iterque
977 4236 1016 4278 eo
1044 4214 1240 4298 pandentem.
1294 4218 1361 4274 Situ
1401 4251 1405 4259 ·

346 4329 492 4392 videlicet
512 4330 632 4412 episylo
662 4351 734 4392 cum
755 4329 908 4411 Hysteriis
936 4333 1097 4390 convenit:
1132 4343 1165 4388 at
1184 4327 1359 4388 charactere

346 4441 437 4524 longe
469 4445 616 4526 potiore,
660 4442 700 4502 ed
735 4440 1009 4538 &notificationem
1038 4455 1219 4524 spectante,
1258 4458 1360 4522 eoque
