3574 5486
748 707 926 724 ·—--·-
1274 677 1331 738 205

398 855 468 938 594.
501 855 540 915 A.
572 855 607 915 P.
636 857 896 935 aeruginosa.

320 967 503 1049 Plerumque
524 970 649 1048 epigaen
668 971 700 1025 in
721 955 811 1026 tertia
835 967 970 1027 nostrin:
998 967 1096 1028 ruins
1125 967 1252 1049 epinyla
1293 968 1332 1029 In

320 1079 475 1160 sylvaticis
494 1082 594 1140 mixtis
615 1076 771 1140 umbrosis
794 1075 909 1158 ubique
935 1075 1019 1152 fare,
1048 1096 1156 1160 sparsa
1183 1077 1232 1140 val
1257 1078 1332 1142 aub-

319 1189 467 1274 gre'garia.
509 1188 701 1270 Septembri,
728 1170 872 1249 Octobai.

399 1303 469 1384 595.
504 1302 543 1362 A.
571 1303 607 1361 Ρ.
634 1319 821 1382 praecox.

320 1413 467 1494 Exempla
493 1411 607 1495 majora
634 1413 670 1472 P.
699 1411 780 1472 adali
807 1411 890 1472 hnud
915 1412 995 1474 adeo
1026 1413 1174 1474 absimilia
1189 1413 1334 1496 desuper

320 1539 490 1605 apparent:
521 1545 538 1584 a
559 1525 618 1606 qud
640 1538 742 1586 tamen
761 1523 929 1590 admodum
953 1507 1074 1587 diversa
1093 1540 1141 1588 ast
1160 1525 1238 1586 haec
1259 1545 1334 1608 spa·

322 1639 396 1698 eina.
452 1634 552 1696 Pileut
583 1655 814 1718 nonnumquam
850 1635 1018 1697 umbonem
1045 1637 1209 1718 quamdam
1241 1637 1336 1698 habet

281 1747 286 1758 ’
321 1746 466 1809 obtutum
486 1747 599 1822 latum,
623 1747 727 1829 paullo
748 1747 932 1827 profundius
953 1748 1135 1809 coloratum.
1178 1747 1335 1808 Lamallne

322 1863 424 1941 primo
445 1859 593 1940 pallidae,
616 1859 740 1920 demum
760 1858 855 1919 diluta
875 1857 1055 1921 fuscescunt
1075 1859 1123 1920 vel
1144 1861 1331 1939 olivascunt3

323 1969 684 2052 emarginato-adnexae
712 1969 958 2044 subdecurmnt,
989 1971 1143 2036 interdum
1171 1973 1334 2035 subaemu-

323 2081 412 2142 latae.
454 2081 556 2162 Stipes
575 2081 699 2155 finnus,
722 2101 816 2162 anepe
836 2083 952 2144 validus
968 2096 1000 2142 at
1015 2083 1185 2164 elongatus.
1217 2084 1255 2144 In
1267 2105 1335 2145 ver·

215 2214 218 2223 ¹
324 2197 423 2284 turia,
452 2197 566 2272 pratis,
596 2193 696 2253 hortis
716 2191 862 2274 frequent
883 2197 998 2272 passim
1018 2198 1170 2267 nascitur,
1201 2197 1258 2257 sed
1277 2200 1335 2257 mi·

323 2323 384 2366 nor
403 2318 437 2364 et
455 2323 579 2385 apansa:
611 2302 711 2385 major
736 2307 933 2388 gregumque
959 2309 991 2364 in
1018 2308 1135 2367 cortice
1160 2311 1334 2388 vaporatio.

323 2417 429 2490 Maio,
451 2417 560 2490 iunio,
585 2415 771 2496 Septembri.

361 2521 382 2549 ”
404 2527 474 2610 596.
506 2515 547 2589 Α.
578 2528 613 2588 Ρ.
643 2527 807 2589 silaoaa.

599 2636 661 2715 ββ,
682 2636 794 2698 ebulbt't

327 2751 525 2834 subgregaria
553 2755 709 2814 terrestria
729 2751 778 2812 vel
799 2755 997 2834 domigena,
1024 2751 1109 2832 pileo
1137 2759 1271 2814 enmono
1289 2759 1337 2814 vi·

327 2883 421 2927 teoto
443 2885 460 2924 e
479 2863 562 2926 flavo
583 2865 711 2926 sordida
738 2862 809 2924 rufo
836 2861 897 2926 vel'
912 2863 1176 2939 subolivascente,
1210 2863 1338 2927 lamellia
1421 2841 1425 2849 ἱ

328 2975 537 3039 subdistinctio
563 2978 630 3054 (via
654 2980 869 3054 virescente-)
898 2980 1030 3038 cinereis
1057 2977 1181 3036 demmn
1207 2975 1337 3059 ferrugi-

326 3089 542 3162 neo-fuscia,
573 3091 678 3168 stipite
706 3087 820 3170 pallido
848 3091 937 3149 tereti
965 3090 1046 3166 (neo
1065 3086 1220 3169 bulboao)
1240 3094 1337 3151 corti·

326 3215 411 3262 nato.
454 3201 555 3260 Piteus
577 3200 806 3280 pammenius,
827 3198 887 3259 bi·
907 3218 934 3262 s.
956 3199 1130 3262 triunoialia.
1176 3201 1247 3261 Hoc
1267 3199 1337 3262 fun-

326 3331 398 3394 gum
424 3312 591 3374 adnectere
617 3315 755 3394 quamia
783 3311 894 3374 dubios
922 3311 1011 3395 jussit
1037 3309 1168 3374 affinitas
1195 3331 1266 3394 arga
1287 3333 1337 3374 aa·

327 3439 475 3507 quantes:
511 3422 695 3506 quibuscum
723 3437 825 3490 tamen
853 3443 915 3506 quo
947 3430 1049 3487 minua
1084 3424 1334 3506 conjungeretur,

325 3550 450 3618 praeter
476 3535 608 3617 reliquas
635 3549 725 3597 notat
751 3536 941 3617 prohibuere
966 3557 1060 3615 sapor
1084 3535 1222 3616 odorque
1242 3539 1334 3598 mitia.

330 3647 433 3730 Palaia
458 3649 609 3710 seminalia
639 3647 765 3710 sordida
791 3648 994 3730 ferrugineus.
1043 3647 1173 3727 Proprii
1197 3647 1337 3710 ibrtassia

327 3764 434 3840 apetie
453 3763 534 3821 inter
557 3759 749 3820 Gortinnrt'ns
769 3759 878 3841 dignus
899 3764 972 3822 satie
992 3760 1138 3840 frequens
1157 3757 1245 3822 adeat
1266 3757 1337 3820 fun·

327 3891 383 3954 gua
403 3874 436 3931 in
456 3871 548 3954 sylvia
567 3877 709 3954 apprime
728 3877 877 3934 acaronis.
918 3874 1005 3952 Sept.
1029 3869 1103 3960 Oct.

404 3985 475 4064 597.
509 3985 549 4045 Α.
578 3985 612 4044 Ρ.
641 3985 836 4046 lateritia.
962 4047 968 4051 ,

603 4119 634 4169 α,
657 4097 819 4156 communis
1003 4095 1006 4102 '

253 4293 259 4300 '
329 4205 470 4285 Copiote
496 4213 641 4289 provenit
665 4210 705 4270 ad
733 4223 862 4271 truncos
889 4209 992 4268 varios
1018 4205 1111 4267 aliave
1129 4203 1210 4285 ligna
1229 4217 1336 4285 putre-

328 4321 463 4393 scentia,
484 4337 624 4395 assaret,
649 4341 742 4403 sepas
762 4320 926 4381 hortorum
947 4333 1006 4382 ato.
1046 4319 1106 4380 Pet·
1125 4331 1226 4378 totum
1246 4331 1334 4378 autu·

327 4445 445 4491 mnmn.
