3518 5486
450 679 484 749 ¹4
871 707 1045 724 ——-

446 853 489 914 N.
516 872 550 932 ¹7
580 849 695 912 dictum
719 851 890 932 (quorsum
916 848 997 912 hunc
1016 849 1244 912 accensendum
1264 867 1335 910 esse
1356 855 1462 931 petet)

447 965 656 1044 Scierotiuque
676 961 860 1022 intercedit!
907 959 1026 1022 ostiola
1045 961 1136 1024 nullu.
1179 961 1215 1040 β,
1234 961 1338 1022 differt
1358 983 1463 1044 super·

448 1077 519 1138 ficie
540 1077 681 1138 nterrimi
702 1075 805 1158 glabri
832 1075 883 1152 (iu
913 1073 1085 1156 junioribus
1112 1078 1296 1156 praeprimis
1317 1075 1464 1156 gisberti·

447 1192 498 1252 mi
518 1189 654 1268 lucidi),
685 1189 783 1250 formi
814 1187 975 1252 obtusiore
997 1185 1209 1268 subelliptisti;
1242 1191 1326 1249 runis
1347 1189 1462 1250 rectifi-

447 1309 532 1376 neis;
560 1302 730 1384 sphaerulis
751 1305 905 1382 contiguis
921 1299 1064 1382 quidem,
1086 1315 1117 1360 et
1132 1319 1198 1362 non
1212 1305 1394 1374 coercmtis,
1416 1305 1462 1360 iu·

448 1415 549 1498 deque
570 1415 697 1476 foruuuu
719 1411 942 1476 subrotuudnm
962 1412 1173 1484 serventibus,
1195 1413 1357 1475 distemius
1372 1419 1463 1474 etiem

448 1533 586 1601 seriatim
618 1527 749 1598 staturi,
778 1529 919 1606 inprimis
948 1529 1106 1598 crassitie,
1136 1525 1292 1607 eliquanto
1320 1529 1461 1598 minum

447 1641 521 1702 loco
549 1639 683 1720 denique
709 1639 812 1698 nauli.
854 1637 892 1698 lu
914 1635 1046 1696 Pteridr's
1067 1641 1148 1698 enim
1168 1638 1333 1724 Aquilinne
1352 1643 1464 1720 stipiti·

449 1754 508 1815 bus
528 1756 675 1824 mortuis,
698 1766 731 1812 et
751 1751 956 1832 vulgatissimis
977 1751 1120 1831 quidem,
1151 1751 1208 1811 sed
1234 1771 1329 1832 saepe
1350 1755 1465 1834 irnper-

448 1865 530 1928 fects
550 1885 587 1926 ec
608 1863 739 1938 sterilis,
763 1867 938 1924 crescit-
956 1862 1089 1924 mucules
1110 1883 1181 1925 suas
1201 1868 1379 1944 nigerrimos
1396 1883 1464 1924 cre·

399 2014 414 2040 ,2
450 1978 520 2039 bras
541 1981 660 2040 eminus
683 1991 861 2038 ostentans:
883 1980 985 2036 minor
1006 1974 1188 2058 juniorque,
1211 1975 1285 2035 dum
1305 1977 1381 2034 riuui
1399 1975 1465 2036 lou·

449 2089 606 2176 gitudinsfi
633 2089 733 2150 medii
755 2089 844 2150 unici
866 2093 1016 2150 instructu
1036 2105 1101 2162 est,
1139 2109 1228 2170 spem
1250 2089 1388 2184 Hysterii
1409 2087 1464 2148 fef·

449 2205 547 2266 fecem
568 2223 698 2266 movens
717 2235 758 2250 -
778 2206 956 2263 tenuissime
976 2217 1041 2262 tum
1062 2207 1230 2283 temporis,
1265 2221 1325 2262 nec
1345 2205 1464 2282 promi·

450 2337 540 2378 nens.
583 2321 714 2378 Vetusta
733 2317 885 2396 grisescit.
936 2313 1075 2396 Utraque
1096 2333 1159 2374 ver.
1181 2313 1329 2376 veruefis:
1359 2318 1465 2396 vigens

449 2431 565 2490 Mustio
586 2443 619 2489 et
639 2427 756 2509 Aprili,
784 2428 903 2488 exoleta
922 2427 1020 2488 Mnio.

529 2581 579 2652 lit.
613 2577 644 2634 8.
674 2577 872 2655 gruminis.

451 2687 640 2769 Superficies
662 2706 719 2766 per
740 2683 970 2768 sphaerularum
998 2681 1125 2744 forrum
1147 2687 1300 2768 situmque
1321 2689 1395 2748 setis
1415 2705 1465 2748 re·

450 2802 596 2884 guiariter
616 2819 739 2882 rugosn.
786 2797 822 2858 ln
844 2795 922 2860 foliis
943 2801 1105 2879 gramineis
1125 2803 1214 2860 veriis
1235 2803 1358 2858 minime
1379 2819 1463 2860 reru:

450 2919 483 2974 in
510 2911 621 2994 quibus
649 2910 872 2974 senriviridibus
900 2909 979 2970 frete
999 2907 1254 2984 fructificantem,
1284 2911 1466 2994 mucilagine

452 3025 642 3088 scatentibus
669 3022 859 3106 sphaerulis,
896 3023 1025 3106 legimus
1046 3023 1120 3086 Oct.
1143 3023 1227 3085 Nov.
1282 3023 1466 3086 Evecueteut

451 3143 626 3221 reperimus
648 3157 733 3198 vere.

530 3291 580 3364 42.
616 3287 646 3344 S.
677 3281 853 3344 Trifolii.

454 3397 553 3456 Atro·
563 3401 683 3458 nitens:
705 3401 737 3456 in
760 3389 890 3484 Trifofio
905 3411 1027 3478 repente
1041 3399 1154 3478 passius
1169 3393 1325 3478 frequens.
1357 3395 1468 3480 Sphae-

453 3511 533 3570 rulns
555 3510 626 3569 ulius
648 3508 774 3582 ferctss,
797 3509 868 3570 elias
890 3511 994 3570 iusum
1016 3512 1231 3590 conspcsimus
1253 3511 1338 3590 Sept.

532 3687 581 3744 42·
616 3668 647 3728 S.
676 3667 833 3727 Auetfti.

730 3801 763 3852 u,
784 3777 897 3838 Auctfrr'

729 3887 790 3966 ββ,
813 3889 997 3970 cnfmt'genn'

455 4027 487 4077 α,
509 4003 583 4066 loco
610 4021 668 4066 suo
697 4022 762 4064 nou
789 4001 985 4084 iustequuus,
1019 4019 1091 4064 tero
1111 4015 1269 4064 autumno.
1311 4001 1373 4078 ββ,
1397 4003 1467 4064 bre·

454 4119 577 4178 vissims
597 4115 736 4188 linearis,
760 4113 931 4196 splmsnrfis
952 4119 1105 4196 contiguis
1121 4115 1373 4196 erumpentibus,
1395 4119 1470 4176 osti-

453 4227 512 4289 olis
532 4228 714 4308 prominulis
733 4243 824 4290 acute
846 4227 1054 4308 (subconice)
1076 4227 1238 4310 pnpiflntis.
1281 4229 1401 4288 Statura
1417 4227 1470 4288 bs·

371 4336 378 4351 ¹
455 4338 598 4422 bitusquo
619 4338 652 4401 S.
675 4333 890 4426 ttrinesornris:
920 4339 974 4402 sed
1004 4339 1186 4422 sphserufne
1207 4345 1417 4422 prominentes
1437 4353 1469 4402 et

455 4467 615 4514 eustorme
636 4453 698 4514 iuic
717 4472 801 4525 enm,
830 4457 862 4512 ni
881 4455 1041 4534 propriam
1063 4457 1201 4534 speciem
1222 4453 1327 4528 melis,
1364 4473 1469 4516 musu-
