3582 5482
454 689 507 752 132
860 723 1038 742 -—--

448 871 576 934 eandm
597 884 727 944 exeunt,
757 889 847 952 quam
867 875 898 930 in
920 887 1070 951 sequente
1095 871 1189 934 affini.
1230 873 1358 936 Mixmm
1379 877 1461 938 hanc

447 989 620 1066 reperimus
646 981 771 1044 Uredini
791 982 911 1044 cuidam
931 981 1045 1058 flavae,
1068 989 1119 1046 cui
1138 987 1284 1066 spor-uine
1298 1005 1387 1050 erant
1405 1009 1459 1049 or-

447 1097 600 1158 biculares
626 1095 731 1156 medio
760 1096 928 1177 depressae
953 1095 1119 1157 ecaudetne
1146 1097 1244 1160 ime:
1278 1120 1357 1181 quae
1385 1121 1460 1161 num

448 1209 514 1289 ejus
534 1209 704 1290 primordia
730 1207 914 1270 constitnit?
950 1207 1114 1290 Cauligena
1140 1210 1356 1294 epiphylieque
1384 1231 1460 1295 spe·

447 1325 511 1388 cios
540 1320 686 1402 Frequens
713 1322 792 1381 lecte
819 1323 853 1380 in
882 1317 974 1380 Galia
999 1320 1149 1402 syinarim
1182 1323 1261 1385 locis
1293 1323 1460 1387 acclivibus

446 1433 601 1496 umbrosis
635 1431 779 1494 herbosis
806 1433 905 1508 (inter
933 1428 1149 1522 Renrgcrsdorf
1172 1451 1202 1494 et
1232 1431 1458 1524 Cunnerseiors)

446 1545 539 1607 iulio.
1449 1539 1454 1554 ¹

523 1655 595 1736 576.
628 1655 663 1717 P.
691 1647 901 1738 Polygoni

447 1767 599 1850 Sporulne
617 1767 908 1850 ovam-oblongae,
931 1765 1121 1844 aobbiiobae,
1147 1771 1356 1834 tenuicaudea
1386 1769 1458 1832 oie

447 1880 553 1940 meruli
572 1885 676 1961 parvi,
695 1881 822 1941 rotundi
842 1879 927 1954 iere,
949 1901 968 1942 e
988 1881 1137 1962 spediceo
1152 1887 1247 1964 aigi-n
1270 1903 1365 1965 saepe
1384 1883 1457 1944 Ure·

447 1991 517 2052 dinc
542 1993 639 2052 Betae
657 1991 693 2068 β,
720 2007 862 2076 tanquam
890 1993 1008 2053 maeuii
1033 1995 1172 2054 anomali
1200 1994 1327 2056 sordide
1353 1994 1457 2058 insce-

446 2119 555 2166 scente
576 2105 774 2179 circumdati,
803 2125 863 2186 pro
883 2106 1083 2185 receptaculo
1105 2107 1165 2166 hic
1186 2121 1323 2166 utunun.
1365 2105 1458 2168 Inco-

443 2216 480 2278 iit
499 2215 571 2278 folia
593 2217 747 2300 Polygoni
770 2216 948 2278 convolvat·
975 2222 1113 2280 nvansia
1140 2217 1360 2300 hortensisque
1383 2236 1456 2300 pas·

443 2331 503 2392 sim
522 2329 607 2390 haud
625 2329 815 2412 infrequens.
857 2329 1044 2410 Septembri.

522 2439 593 2522 377.
627 2442 662 2504 P.
691 2441 963 2504 Avieniariae.

719 2576 751 2625 o,
772 2551 971 2612 Anicuinr'ine

717 2663 778 2742 ββ,
800 2660 905 2724 Fabae

446 2775 584 2859 Utraque
604 2796 667 2838 var.
690 2781 732 2838 ita
751 2795 899 2870 prorsus,
930 2791 964 2836 ut
988 2775 1151 2859 aliquoties
1179 2775 1239 2856 jam
1266 2781 1454 2848 monuimus,

443 2893 576 2950 nominis
597 2894 644 2952 sui
663 2889 789 2949 Uredini
805 2893 976 2950 intermixta
992 2887 1140 2948 obvenire
1152 2887 1249 2948 solet:
1273 2909 1306 2960 a,
1323 2893 1354 2948 in
1369 2887 1456 2950 caule

443 2999 586 3082 foliisque
608 3001 762 3083 Polygom'
782 2999 996 3088 rimenham,
1024 2999 1228 3060 antecedente
1247 3004 1364 3060 rarior:
1392 2997 1455 3076 ββ,

444 3111 601 3194 catuligena
627 3117 718 3174 etiam
746 3133 844 3194 aeque
870 3131 908 3172 ac
934 3111 1091 3194 epiphylla
1116 3117 1148 3171 in
1171 3111 1258 3172 Viciri
1287 3109 1373 3172 Faba
1394 3111 1456 3172 ira·

443 3245 553 3308 quens.
584 3225 688 3298 Haec,
712 3227 902 3306 quantumvis
922 3222 1123 3284 alienissimae
1144 3223 1227 3284 sedis
1248 3223 1364 3296 meon,
1387 3243 1456 3304 spo·

444 3335 519 3395 ruiis
536 3327 641 3396 'tamen
660 3339 783 3396 nonnisi
803 3335 958 3416 aliquanto
978 3335 1147 3414 majoribus
1167 3335 1206 3395 ab
1228 3357 1260 3406 o,
1278 3335 1453 3417 discrepat:

444 3469 543 3529 aeque
570 3454 651 3510 enim
677 3465 835 3508 maerores
854 3466 891 3506 ec
912 3445 1134 3528 subglobosae,
1164 3453 1396 3527 comparatione
1415 3448 1456 3508 ad

444 3565 644 3641 microsoopii
663 3561 827 3640 compositi
846 3573 1007 3640 augmenta
1027 3563 1153 3620 maxima
1177 3561 1330 3632 instituti,
1359 3559 1455 3620 incia·

444 3693 546 3734 ruere.
588 3675 698 3734 Fonna
718 3675 809 3734 etiem
830 3671 994 3752 caespitum
1015 3675 1046 3730 in
1062 3670 1147 3732 caule
1161 3671 1456 3751 petiolisqnelinea-

443 3791 503 3860 ris,
525 3789 557 3846 in
577 3783 656 3846 foliis
676 3783 872 3856 orbicularis,
898 3797 930 3842 et
950 3782 1039 3842 color
1058 3787 1147 3862 niger
1164 3813 1206 3830 -
1224 3801 1356 3864 prorsus
1379 3803 1456 3844 eon·

443 3913 566 3980 gruunt.
609 3897 747 3980 Utraque
767 3899 841 3956 item
861 3893 953 3956 obvie
973 3893 1159 3974 Septembri.

522 4007 591 4090 378.
623 4011 658 4070 P.
689 4009 896 4070 Circaeae.
1182 3979 1191 3992 ⁸

447 4121 599 4187 Verrneae
618 4141 713 4206 saepe
733 4125 824 4182 etiam
844 4117 1021 4192 confertae,
1043 4121 1212 4179 circimtim
1224 4117 1272 4180 vel
1285 4117 1344 4178 alio
1358 4117 1454 4180 modo

444 4231 711 4296 subconiiuentea.
753 4232 975 4312 Copioeissima
996 4229 1109 4312 ubique
1130 4235 1272 4312 provenit
1284 4229 1362 4290 inec
1383 4249 1457 4311 apa-

445 4349 509 4406 cies
529 4348 561 4404 in
578 4343 792 4416 Circaenrum,
817 4346 955 4423 inprimis
972 4341 1008 4404 C.
1032 4340 1240 4415 imai-mediae,
1261 4341 1360 4402 foliis:
1381 4361 1453 4423 par·

443 4461 529 4533 sior,
559 4471 698 4520 ceterum
726 4473 858 4540 prorsus
884 4454 992 4518 eadem
1020 4475 1057 4516 ec
1082 4455 1189 4517 itidem
1215 4453 1393 4536 epiphylin,
1422 4455 1455 4512 in
