3468 5486
446 681 505 746 ‚ss
736 711 743 725 ,
870 707 1047 740 ...ψ-

523 863 594 926 85ι.
629 861 667 926 C.
697 862 813 926 fleve.

445 978 555 1040 Veniet
573 975 714 1060 apicibus
741 975 843 1037 vivide
869 973 969 1037 luteis.
1018 973 1057 1037 In
1076 973 1171 1057 sylvis
1190 977 1282 1038 vertis
1303 973 1462 1059 Frequens,

446 1111 542 1174 saepe
562 1095 671 1174 'urgens
691 1105 724 1152 et
744 1092 943 1152 crassissima.
986 1089 1169 1152 Praesertim
1190 1087 1375 1172 Septembri.

524 1201 595 1266 852.
629 1205 666 1266 C.
692 1198 890 1286 Rotryt'is.

724 1339 757 1388 α,
780 1315 943 1376 communis
1277 1362 1281 1376 .
1420 1389 1424 1397 ,

446 1429 597 1512 megene,
619 1429 741 1512 mendis
760 1448 1004 1512 nonnumquam.
1047 1429 1148 1510 Seepe
1169 1447 1205 1489 ex
1224 1427 1336 1490 eodem
1355 1441 1465 1492 truneo

448 1544 528 1602 remi
546 1557 710 1625 assurgunt
729 1543 779 1604 elii
790 1543 957 1626 regulares,
978 1541 1028 1602 ulii
1042 1539 1204 1604 difformes
1216 1539 1351 1623 elongati
1368 1541 1465 1604 cressi

447 1656 573 1732 obtusi,
607 1655 733 1718 ramulis
759 1659 832 1718 item
866 1655 1019 1718 obtusetis
1046 1659 1157 1738 percis.
1213 1653 1362 1736 Speciem
1393 1674 1466 1718 vere

448 1768 593 1832 different
612 1771 685 1831 NN.
707 1767 774 1832 850.
795 1769 862 1832 851.
883 1767 962 1844 852,
985 1767 1043 1832 sub
1062 1767 1222 1853 judicetis
1242 1783 1300 1832 est.
1336 1769 1465 1830 Minime

447 1901 516 1942 rere
542 1886 574 1942 in
602 1883 696 1965 sylvis
731 1885 779 1961 (v.
808 1903 837 1945 e.
872 1880 1020 1952 Dubreuf
1056 1880 1274 1964 Basalthugele
1308 1880 1465 1944 Mohoieer

450 1995 569 2066 Heidee
594 1997 712 2060 Wieser
732 1997 863 2078 Berge).
904 1997 1051 2072 Aestate,
1073 2009 1233 2059 autumno.

705 2188 744 2271 b)
788 2189 1189 2250 Tenuiceules.

528 2335 599 2400 853.
632 2337 671 2400 C.
699 2335 886 2398 abietine.

449 2453 574 2534 Fungus
593 2465 721 2526 noster,
750 2447 825 2512 dum
853 2456 955 2534 viget,
986 2452 1034 2512 vel
1063 2453 1217 2514 contritus
1245 2453 1295 2510 vix
1322 2450 1465 2510 virescits

438 2549 590 2626 ‘exole'tus
609 2567 744 2626 virorem
768 2564 929 2628 sordidmu
957 2563 1112 2647 quendam
1139 2563 1245 2624 induit
1293 2561 1386 2634 ludit
1413 2583 1466 2624 ce·

450 2691 552 2739 terum
570 2677 800 2760 megnimdine‚
832 2679 987 2760 ramisque
1013 2697 1098 2738 nuno
1126 2675 1357 2751 strictioribus,
1384 2693 1468 2738 nune

450 2788 616 2852 laxioribus
637 2791 893 2874 tenuioribusque
914 2793 988 2874 (per
1006 2805 1137 2854 aetutem
1156 2789 1262 2854 forsen
1281 2789 1467 2873 juniorem).

451 2903 555 2984 Sapor
581 2923 640 2986 per
667 2908 770 2968 vertor
795 2904 909 2988 greum
937 2925 1069 2969 emerus.
1126 2905 1266 2988 copiose
1294 2903 1410 2986 ereseit
1435 2903 1469 2964 in

449 3015 543 3100 sylvis
563 3013 704 3078 abiecistis
722 3018 856 3092 nostris,
878 3019 928 3078 vix
946 3019 1031 3092 eliis,
1059 3023 1195 3102 passim,
1225 3019 1304 3080 loeis
1324 3035 1469 3101 presset·
1522 3060 1528 3069 .

450 3133 506 3192 tim
525 3135 697 3207 muscosis,
725 3130 925 3214 utplurimum
954 3134 1129 3206 terrestris,
1156 3131 1314 3194 missine
1340 3145 1469 3192 mineo-

449 3263 519 3305 rum
538 3249 675 3325 putrium
695 3244 809 3306 iuoolo.
850 3244 902 3308 Ab
915 3245 1111 3327 Augustum
1123 3243 1337 3308 Nouembrem
1356 3263 1466 3328 usque.

529 3357 599 3436 854.
633 3358 672 3420 C.
702 3358 904 3441 pyxidate.

450 3471 544 3532 initio
574 3469 694 3547 elbidn,
724 3470 864 3554 epieibue
892 3471 962 3556 plue
986 3471 1089 3534 suiuus
1113 3469 1356 3535 miserentibus:
1383 3485 1471 3534 vetu-

450 3586 529 3646 stior
548 3599 602 3645 sut
621 3589 771 3650 exsiceute
791 3599 858 3648 tote
877 3585 944 3650 fere
969 3583 1110 3649 rufescit.
1160 3585 1306 3650 Truncos
1334 3599 1471 3668 occupet

449 3699 482 3758 in
502 3698 594 3760 terris
613 3702 730 3762 nostris
750 3700 878 3762 nonnisi
896 3701 1002 3784 pineus
1022 3700 1161 3762 curiosos
1173 3713 1334 3774 veutstos,
1355 3703 1387 3760 in
1402 3703 1472 3782 qul-

449 3808 510 3872 bus
529 3809 600 3872 bino
620 3811 692 3873 inde
707 3813 845 3874 occurrit
863 3811 948 3874 heud
962 3811 1139 3896 infrequens
1153 3811 1469 3893 (Schmesternbuscbe

454 3921 578 3986 casem
597 3925 745 3995 Demme‚·
767 3926 927 3988 motatur
946 3924 1079 4008 tratre).
1121 3927 1151 3987 Λ
1169 3927 1264 3990 sunio
1285 3929 1500 4010 mespres..
1529 3906 1536 3927 “

451 4034 540 4098 brem
560 4056 671 4120 usque.

530 4148 601 4212 855.
636 4151 671 4212 C.
698 4153 966 4218 corniculata.

456 4259 549 4322 Color
569 4259 683 4338 flavus,
711 4270 745 4326 in
771 4267 940 4330 vitellinum
967 4267 1091 4344 ebiens,
1119 4269 1279 4352 sequentis
1304 4265 1369 4330 fere
1395 4285 1471 4349 spe·

453 4374 533 4437 eiei:
565 4396 584 4437 u
617 4378 677 4460 qui
713 4393 815 4442 umen
848 4379 955 4443 differt
979 4385 1064 4446 nou'e
1090 4387 1123 4444 in
1149 4382 1287 4470 Synepti
1314 4379 1469 4444 indicetis.

453 4487 593 4550 Obvenit
610 4491 743 4572 peesim,
770 4493 828 4556 sed
856 4514 964 4576 perum
985 4493 1151 4579 frequens,
1179 4500 1211 4555 in
1231 4496 1396 4578 gramineis
1416 4512 1471 4554 ne·
