3528 5482
719 713 898 730 --—--·
1280 677 1316 740 δι

305 859 408 924 ostioli
427 859 618 942 longitudine
640 862 799 942 congruit:
822 873 895 920 sunt
909 857 1052 920 videlicet
1068 863 1227 942 utriusque
1247 857 1319 942 ligu-

305 993 358 1036 rae
378 973 453 1034 aliae
473 987 716 1044 macrostomaa,
751 971 825 1032 aliae
852 970 1099 1054 brachystornaa.
1148 974 1227 1033 Satis
1252 993 1316 1032 ma·

306 1107 382 1169 gnae
409 1101 482 1148 sunt
509 1084 709 1166 sphaerulae,
743 1081 1038 1160 subtuberculosa03
1069 1083 1127 1146 sub
1152 1083 1236 1146 lente
1263 1085 1316 1146 ali-

308 1214 452 1282 quantum
473 1199 706 1260 luscescentes:
729 1195 838 1256 ostiola
857 1197 1024 1278 regularia,
1047 1201 1155 1258 teretia
1174 1196 1222 1258 vel
1242 1196 1317 1260 sub·

309 1316 425 1374 conica
467 1311 531 1372 Pili
548 1311 750 1394 longiusculi,
778 1315 874 1392 nigri,
906 1312 1023 1390 sparsi,
1051 1311 1188 1391 rigiduli,
1218 1311 1319 1372 diver-

307 1434 424 1508 gentos.
487 1425 630 1484 Tomenta
659 1423 778 1486 cuidam
814 1423 979 1486 subiculari
1007 1423 1152 1485 nonnulla
1180 1424 1318 1506 exempla

307 1537 469 1600 insidentia
488 1537 735 1610 observavimus,
765 1535 822 1598 sed
850 1541 1054 1610 inconstanti,
1087 1557 1124 1598 nc
1150 1537 1223 1599 inde
1243 1537 1317 1598 elie·
1384 1515 1391 1532 ⁶

307 1656 420 1733 uigeno
446 1651 599 1733 putando.
657 1650 695 1711 ln
722 1650 804 1732 ligno
828 1653 915 1712 sicco
936 1655 1114 1712 exesissirno
1135 1651 1226 1716 alateo,
1244 1651 1318 1712 sub-

308 1763 489 1826 cortiealem
509 1763 672 1824 habuimus
692 1767 785 1824 unico
806 1763 879 1824 loco
907 1761 1083 1840 (Mololzer
1103 1763 1224 1843 Haicle)
1245 1783 1318 1845 spe÷
1392 1736 1416 1816 ¹-

308 1881 388 1938 ciem
407 1864 518 1938 raramss
559 1868 668 1957 A'prili.
782 1935 786 1942 .

385 1989 437 2072 93.
470 1992 501 2050 S.
531 1987 775 2050 tubiformis.

310 2101 500 2184 Sphaerulae
527 2117 656 2174 ovatae,
691 2101 914 2182 epidennitlem
944 2101 1115 2164 luculenter
1143 2103 1315 2178 elevantes3

310 2214 440 2279 discissa
462 2215 566 2277 faciles
594 2215 643 2276 vel
669 2234 780 2276 vacuas
800 2214 848 2276 vel
868 2215 1049 2298 mucilagine
1068 2218 1231 2298 inspissata
1251 2217 1318 2298 ple-

308 2349 364 2392 nas
383 2350 454 2392 sose
473 2329 622 2411 produnt.
668 2326 786 2388 Ostiola
811 2343 916 2400 recta,
947 2329 1165 2404 crassiuscnla,
1195 2328 1317 2406 obtusa,

243 2505 249 2514 ,
309 2441 427 2517 brevia,
449 2442 614 2523 sphaerulis
633 2441 731 2524 duplo
752 2439 837 2514 fere,
859 2445 907 2502 vix
927 2441 1038 2522 triplo,
1068 2441 1227 2525 longiora,
1242 2442 1319 2525 'guo

308 2556 378 2616 tulal'
394 2555 533 2616 annanali
558 2555 699 2616 indmatl
725 2553 879 2635 pellucidl
905 2554 1096 2615 lulvesoente
1124 2554 1185 2632 (cf.
1207 2557 1249 2616 N.
1270 2556 1317 2638 87.

307 2667 377 2749 88.)
398 2673 513 2750 passim
535 2682 694 2730 coronata.
739 2665 833 2730 Color
853 2687 990 2746 opacus,
1019 2667 1190 2741 sordidus,
1205 2667 1317 2730 diffici-

298 2782 344 2844 ·lis
372 2782 550 2862 descripta,
586 2783 759 2862 nigricans,
798 2778 856 2842 sed
891 2783 982 2839 terrei
1009 2779 1084 2860 quid
1110 2795 1164 2840 aus
1191 2780 1318 2842 olivacei

307 2894 373 2972 (vix
395 2895 602 2973 rarescentis)
630 2893 796 2954 admixtum
823 2891 942 2952 habens
967 2925 1009 2938 -
1036 2913 1106 2953 mox
1127 2907 1226 2954 totum
1247 2875 1317 2954 fun·

222 3035 223 3038 ¹
305 3008 408 3089 gilium
428 3023 583 3089 occupat,
606 3027 675 3068 mox
695 3009 727 3066 in
747 3004 910 3086 sphaerula
929 3009 1085 3086 rostrique
1106 3000 1187 3080 basi,
1220 3011 1318 3068 rarius

305 3124 415 3201 apice,
437 3124 608 3202 innigrum
629 3118 711 3192 abit,
734 3137 859 3198 semper
881 3132 984 3179 tamen
1004 3121 1036 3178 in
1057 3118 1160 3180 ostioli
1178 3119 1241 3184 luci
1260 3120 1317 3181 ob-

306 3235 388 3294 versi
406 3233 504 3315 aliqua
524 3247 613 3314 parta
634 3230 851 3292 translucendo
871 3229 1006 3292 visibilis.
1050 3230 1223 3312 Collapsam
1238 3232 1317 3294 hanc

305 3318 464 3426 speeiem,
494 3365 586 3427 quam
613 3359 717 3406 exacte
745 3348 826 3404 sistit
850 3349 924 3405 icon
948 3343 1092 3403 Todeana
1112 3345 1210 3418 XVI,
1235 3345 1315 3422 128,

304 3479 471 3539 numquam
492 3457 637 3540 vidimus.
679 3457 839 3538 Frequens
860 3460 974 3518 crescit
994 3461 1026 3528 in
1045 3456 1125 3519 loliis
1148 3455 1242 3516 alneis
1262 3434 1339 3552 ‹le-¹

305 3571 406 3632 eiduis
433 3573 684 3634 semiconsuunis
709 3585 858 3630 autumno
880 3585 911 3631 et
931 3573 1113 3650 praesertim
1140 3590 1233 3631 vere:
1269 3591 1318 3630 ra·

303 3687 369 3745 rius
397 3687 429 3744 in
455 3683 534 3744 foliis
561 3682 707 3765 coryleis,
744 3689 856 3744 rostris
887 3683 990 3764 paullo
1016 3681 1208 3764 longioribus
1228 3687 1317 3764 apice

304 3796 454 3858 tantillum
483 3798 677 3870 incrassatis,
714 3795 838 3856 demum
853 3861 855 3866 ,
870 3795 1032 3858 inclinatis.
1081 3795 1260 3856 Cavendum
1286 3799 1318 3856 in

228 3925 234 3938 ·
303 3909 384 3983 hle,
418 3930 459 3969 ne
487 3909 596 3970 ostiola
628 3929 698 3970 cum
720 3908 826 3970 setulis
846 3906 988 3968 foliorum
1008 3907 1124 3968 nervos
1145 3907 1318 3968 obsidenti-

304 4021 375 4096 bus,
393 4026 495 4104 primo
511 3997 624 4082 obtutu
637 4020 854 4094 subsimilibus,
871 4019 1110 4081 confundantur.
1132 4021 1227 4080 Mart.
1240 4015 1317 4102 Aps.

383 4141 434 4216 94.
467 4135 499 4194 S.
527 4126 704 4195 flacci'da
733 4153 861 4194 nonis.
1334 4133 1452 4184 ΤΜΠ

306 4245 338 4308 S.
360 4245 537 4329 (qaipliylln
563 4229 707 4328 simplex)
729 4235 978 4334 ochran-fulua,
1011 4243 1178 4326 sphaerulis
1198 4241 1316 4324 snbglo·
1368 4231 1423 4289 Μ
1481 4321 1483 4326 Δ

305 4355 383 4418 hosis
404 4361 506 4432 tectis,
542 4359 657 4418 ostiolis
685 4345 828 4418 tractibus
855 4359 1006 4440 elongatis
1027 4351 1315 4447 flexuoso-flocci·

305 4469 370 4543 dis,
391 4469 508 4538 demum
529 4471 672 4532 deciduis.
