3582 5482
729 687 909 724 ...ι-...-
1257 669 1260 678 ’
1276 669 1329 733 151

393 829 463 934 'aa
497 855 538 916 a,
567 853 603 916 r..
633 853 834 916 aatvotus.

313 967 504 1029 varietatem
531 987 608 1042 nos,
644 981 770 1048 praeter
795 969 947 1026 minorem
973 963 1055 1024 illam
1080 984 1099 1025 a
1124 964 1166 1026 cl.
1196 962 1332 1024 Persona

315 1079 522 1160 descriptam,
543 1080 630 1140 aliam
651 1099 778 1160 quoque
799 1076 948 1138 babemus
967 1075 1175 1159 magnitudine
1192 1079 1330 1138 omnium

313 1196 447 1273 partium
468 1191 585 1274 duplici
605 1191 670 1254 lere
698 1191 802 1273 (pileo
832 1186 1014 1275 rsrfiuaciali
1040 1192 1123 1269 etc.)
1149 1187 1328 1270 majoraque

313 1304 428 1364 robora
449 1308 617 1392 insigpoan,
641 1309 732 1364 etiam
752 1307 853 1364 minus
872 1302 985 1362 crebro
1008 1301 1202 1363 vulneratam.
1243 1303 1329 1364 Loca
1354 1346 1360 1357 .

313 1431 395 1478 aruat
415 1416 619 1478 submontana
639 1419 831 1496 grammon,
860 1413 914 1474 ubi
935 1413 1069 1474 betuleta
1089 1415 1183 1474 aliave
1204 1413 1329 1476 dumeta

314 1525 464 1589 lroudosa
483 1527 606 1599 incolit,
627 1547 692 1586 non
712 1523 902 1606 infrequens.
944 1525 1137 1608 Septembri,
1161 1525 1305 1592 Octobri.

393 1641 463 1719 425.
498 1641 536 1700 Α.
566 1641 602 1700 L.
633 1639 850 1700 brunneus.
1264 1650 1267 1658 “

193 1781 198 1788 ·
315 1749 415 1810 Plleas
435 1773 453 1812 e
473 1751 686 1832 campanulum
706 1751 778 1811 dein
798 1750 919 1831 planus.
960 1749 1063 1811 Totus
1083 1748 1193 1832 fungus
1213 1770 1328 1834 cogna-

314 1865 352 1924 tis
373 1867 436 1924 suls
466 1863 599 1944 Lepiotd
614 1858 776 1947 flexipede
795 1883 831 1924 ac
854 1862 1037 1924 Cortt'uort'r's
1060 1863 1203 1922 castaneti
1224 1878 1256 1924 ot
1276 1864 1326 1926 de·
1402 1909 1406 1916 -

313 1977 459 2057 cipiente,
487 1990 612 2056 praeter
637 1975 813 2035 discrimina
835 1973 968 2056 reliqua,
997 1974 1094 2054 duplo
1116 1977 1250 2056 triplove
1269 1997 1327 2038 utt-

313 2086 406 2168 dique
432 2085 531 2170 major
556 2101 588 2149 et
612 2085 743 2148 lautior.
786 2089 936 2168 Sparsus,
972 2091 1064 2148 etiam
1099 2087 1323 2170 subgregarius,

312 2199 412 2281 sylvas
439 2199 512 2262 hinc
540 2199 623 2260 illinc
646 2200 752 2260 incolit
771 2199 919 2262 abietinas
939 2198 1179 2262 humidiusculas
1199 2221 1325 2264 musco·

312 2329 372 2373 sas.
414 2311 523 2372 Medio
544 2328 703 2374 autumno.

389 2423 459 2500 426.
495 2425 534 2485 Α.
563 2427 600 2485 L.
629 2423 815 2504 flexipes.

312 2532 411 2594 Pileas
431 2555 500 2595 mox
520 2534 739 2609 laeviuseulus,
770 2555 841 2596 anor
867 2534 984 2598 librillis
1005 2533 1114 2596 albidis
1134 2539 1207 2598 satis
1226 2536 1323 2600 dente

307 2629 446 2720 obsitus,
476 2667 495 2708 e
518 2653 733 2710 cinnamomeo
761 2653 793 2708 in
820 2649 948 2708 sordide
978 2648 1147 2708 violaceum
1167 2669 1323 2710 nonnum-

309 2777 399 2840 quam
420 2779 570 2846 vergens,
593 2759 786 2821 seraruncialis
808 2761 1006 2842 plerumque,
1031 2765 1129 2821 rarius
1148 2761 1189 2821 ad
1210 2767 1228 2846 {-
1248 2783 1320 2826 une.

204 2929 229 2942 ἱ
308 2870 374 2948 (virt
395 2870 493 2951 ultra)
514 2872 664 2934 dilatatus.
707 2872 744 2933 ln
765 2873 856 2955 sylvis
868 2878 1022 2941 amussis,
1044 2879 1225 2953 praesertim
1241 2873 1321 2936 alie·

306 2985 396 3063 gnis,
418 2983 497 3044 locis
520 2983 653 3046 humidis
673 2990 814 3064 copiose.
856 2987 916 3045 Per
936 3000 1035 3046 totum
1055 2981 1247 3049 autumnum.

386 3103 458 3174 427.
494 3097 530 3154 A.
557 3099 853 3177 L.'maoropus.

309 3205 429 3288 Stipitis
462 3207 625 3290 longitudo
660 3195 754 3289 saepe
788 3213 911 3282 eximia,
947 3209 1004 3271 sed
1039 3214 1219 3272 inconstans
1252 3227 1318 3287 est;

234 3369 237 3378 .
306 3317 389 3378 baud
410 3338 480 3380 raro
500 3323 591 3378 enirn·
605 3321 773 3382 mediocris
801 3327 890 3412 etjam
899 3333 911 3392 ¹,
941 3321 973 3381 bi
986 3355 1000 3369 -
1021 3319 1047 3384 s.
1070 3323 1252 3396 triuncialis,
1274 3327 1321 3384 in·

306 3435 439 3492 venitur.
481 3434 607 3492 Nomen
633 3437 735 3513 ltaque
758 3434 874 3494 triviale
896 3453 965 3494 cum
986 3438 1108 3514 aptiore
1128 3439 1320 3514 inposterum

305 3531 543 3624 permutandum
565 3549 634 3630 erit.
675 3545 813 3604 Aarrular
834 3549 952 3607 varius:
981 3565 1075 3626 saepe
1099 3537 1171 3607 satis
1191 3565 1319 3628 anagnus

305 3652 475 3738 litibusque
502 3662 648 3737 persistit.
668 3689 709 3704 -··
737 3657 894 3718 Lemelloe
922 3657 1066 3738 pallidae,
1094 3657 1167 3720 dein
1194 3659 1319 3720 subcin-

304 3785 486 3854 pamorueae
507 3789 578 3830 cum
599 3775 717 3832 micore
731 3769 862 3852 quodam
880 3775 1101 3832 cinerascenta.
1142 3771 1243 3829 Totus
1263 3769 1319 3830 ha·

257 3945 261 3952 ,
304 3877 388 3940 bitus
409 3895 590 3942 constanter
609 3883 725 3943 validus
747 3903 878 3945 crassus.
919 3880 997 3942 Hab.
1014 3885 1138 3962 species
1158 3881 1241 3962 apud
1261 3899 1319 3942 nos

303 3989 481 4074 pervulgata
500 3997 533 4054 in
553 3994 645 4076 sylvis
665 3999 802 4056 acerosis
824 3995 1033 4071 sicciusculis,
1054 3997 1193 4076 inprimis
1209 3993 1315 4074 puteis,

303 4099 418 4189 ubique
438 4125 558 4188 sparsa.
600 4107 741 4188 Augusto
763 4123 795 4168 et
815 4128 885 4190 sqq.

721 4375 899 4392 m
