3574 5486
435 671 493 734 ψ)
848 691 1026 710 --·-..

433 833 494 894 mel
515 847 631 894 tantum
651 831 723 894 loco
742 829 1036 908 humidopmbroso
1057 830 1239 910 (Mobolzer
1259 833 1381 916 fluide)
1401 841 1449 896 in-

425 961 524 1008 ‘vente
550 945 608 1008 fuit
634 945 810 1026 Septembri
836 943 952 1006 medio.
1004 945 1086 1005 Huic
1112 931 1224 1028 ngglnm
1244 943 1306 1023 ββ,
1329 947 1446 1024 colore,

434 1059 569 1132 staturi,
599 1058 718 1131 lormll,
747 1057 904 1137 discrepet
929 1056 1010 1138 pileo
1030 1056 1135 1118 lbcido
1154 1057 1358 1139 splendente,
1388 1081 1448 1122 nec

433 1191 555 1253 opaco,
584 1185 616 1232 et
637 1168 764 1230 lamellis
790 1169 887 1230 multo
916 1167 1111 1230 dilutioribus
1138 1189 1174 1231 sc
1198 1177 1379 1251 pressorum
1401 1173 1448 1233 dl-

433 1287 555 1346 stinotis
575 1282 762 1344 latiuseufis:
790 1281 875 1342 unde
894 1299 987 1362 quum
1009 1280 1205 1344 characteres
1225 1302 1243 1342 e
1262 1283 1449 1345 lemellarum
1514 1335 1516 1345 ,
1625 1299 1632 1308 ·

433 1396 549 1470 lorini,
584 1415 714 1456 numero
742 1399 865 1475 situque
892 1393 1110 1474 suppeditetos
1134 1414 1151 1453 e
1172 1397 1448 1474 praestantioribus

434 1529 504 1571 esse
525 1513 598 1570 setis
619 1521 757 1579 constet,
786 1505 928 1587 sejunctu
956 1505 1037 1565 lmud
1063 1506 1188 1588 indigns
1208 1507 1340 1568 videtur.
1383 1509 1448 1569 Ali·

435 1625 558 1704 quoties
583 1621 665 1682 hunc
698 1619 825 1700 legimus
852 1623 884 1678 in
910 1617 1052 1679 abietinis
1085 1623 1239 1684 muscosis
1272 1621 1449 1697 (illelolrer

435 1732 537 1793 Hnide
558 1731 631 1793 hinc
651 1732 749 1804 illino;
771 1729 945 1820 deluenda
965 1731 1083 1810 Berg):
1106 1735 1180 1792 itetu
1200 1733 1387 1814 Septembri.

512 1843 582 1924 486.
616 1844 656 1904 A.
686 1843 727 1903 G.
757 1842 1019 1922 sulphureus.

710 1977 742 2026 u,
763 1955 937 2036 sulphureus

435 2067 537 2130 Pileus
556 2067 746 2141 flavescens,
769 2067 826 2130 sed
846 2067 934 2128 disco
953 2071 985 2126 in
1005 2071 1121 2130 nostris
1141 2067 1340 2149 utplurimum
1356 2070 1448 2132 rube-

434 2182 507 2242 dine
535 2181 661 2244 sordidi
688 2179 820 2242 simius.
863 2178 978 2240 Subtus
999 2195 1081 2242 totus
1101 2180 1212 2262 fungus
1232 2184 1376 2244 unicolor
1395 2205 1447 2246 ex-

434 2309 504 2354 acte
532 2293 734 2374 sulphureus;
769 2293 860 2374 stipes
888 2296 936 2352 vis
963 2292 1088 2352 dilutior
1116 2292 1251 2354 lamellis.
1310 2295 1397 2354 Odor
1416 2301 1447 2356 in

433 2406 495 2466 liic
521 2410 628 2488 specie
664 2419 812 2466 constans
839 2419 871 2464 et
896 2425 968 2464 vere
998 2404 1216 2485 diagnosticus.
1271 2405 1362 2488 Eligit
1388 2408 1447 2470 sibi

433 2519 504 2579 locs
524 2517 748 2578 humidiusculn
767 2537 866 2597 opace
888 2517 1041 2598 'sylvarum
1067 2521 1247 2592 usurarum,
1275 2539 1353 2600 quse
1373 2537 1446 2602 pes'·

434 2633 492 2694 sim
505 2634 636 2704 minime
657 2629 835 2711 infrequens
860 2629 969 2694 incolit
987 2631 1074 2716 Sept.
1098 2631 1171 2692 Oct.

511 2741 582 2822 487.
613 2741 653 2802 A.
685 2740 725 2803 G.
755 2742 916 2826 odorus.

707 2851 745 2931 β,
767 2857 902 2914 urrisatus

438 2964 524 3027 Odor
543 2970 575 3026 in
594 2965 655 3028 hic
676 2986 801 3049 quoque
827 2971 933 3048 specie
961 2967 1142 3040 distinctus,
1179 2966 1231 3026 diu
1260 2972 1443 3048 persistent,

434 3093 600 3150 constans,
628 3082 761 3140 nniseus.
809 3077 913 3160 Sapor
931 3092 1055 3159 gratus,
1084 3083 1132 3151 ei,
1161 3083 1212 3159 qui
1233 3085 1333 3139 estin
1351 3079 1446 3140 Arte·

356 3207 361 3214 “
434 3189 523 3248 mitid
542 3189 738 3250 Dracunculo
753 3189 804 3262 L.‚
827 3191 907 3252 houd
927 3191 1082 3252 absimilis.
1128 3189 1221 3250 Color
1240 3191 1335 3252 diluto
1354 3211 1445 3252 ueru-

433 3308 562 3383 g'mosus
581 3317 634 3362 sut
653 3304 700 3379 (si
720 3303 880 3382 indueris)
898 3303 1042 3384 glaucus,
1067 3301 1220 3362 interdum
1242 3323 1373 3382 prorsus
1393 3321 1445 3366 exi

433 3413 570 3486 elbidum
593 3414 641 3475 vel
661 3419 692 3474 in
714 3431 781 3476 toto
801 3416 895 3497 lungo
917 3414 1077 3486 unicolor,
1100 3415 1148 3475 vel
1168 3416 1277 3478 subtus
1298 3415 1445 3476 tuttillmn

433 3526 558 3588 dilutior
579 3526 811 3608 proiuosliorve.
855 3527 956 3609 Stipes
985 3547 1232 3600 consenescens,
1261 3533 1445 3609 praesertim

433 3639 486 3700 ubi
507 3640 576 3722 gelli
597 3654 697 3702 tactus
718 3639 793 3714 luit,
823 3639 1006 3702 obesissime
1026 3643 1219 3701 ventricosus
1239 3639 1369 3702 evadere
1389 3661 1446 3702 so-

434 3751 486 3812 let.
535 3751 669 3812 Abunde
704 3757 852 3833 provenit
875 3757 909 3812 in
935 3752 1026 3834 sylvis
1058 3751 1298 3816 umbrosissimis
1324 3757 1442 3834 opacis,

431 3869 572 3944 opprime
593 3863 733 3926 abietinis
754 3869 926 3940 muscosis,
950 3853 1067 3928 locisvd
1087 3863 1168 3926 loliis
1188 3865 1331 3946 putribus
1352 3865 1447 3927 obte-

336 4067 341 4078 .
433 3979 502 4038 ctis.
545 3976 737 4056 Septembri,
761 3977 903 4040 Octobri.

510 4087 579 4166 488.
613 4089 653 4148 A.
682 4088 724 4150 G.
752 4089 1042 4170 repltnnoides.

434 4199 593 4260 Lemellne
620 4199 896 4274 confertiusculne,
934 4201 1148 4284 subaugustee.
1199 4199 1300 4262 l‘ileus
1319 4221 1336 4261 e
1356 4201 1445 4262 viridi

432 4311 603 4386 otnceus,
625 4311 665 4374 ed
686 4318 783 4376 visun
799 4335 897 4396 neque
911 4335 948 4378 ae
961 4329 1075 4376 motum
1092 4314 1360 4377 subtomentosum
1374 4333 1443 4376 sese

433 4423 592 4488 exhibens.
650 4425 780 4488 Cornua
808 4432 840 4488 in
865 4425 1034 4508 jttnioribus
1069 4427 1247 4500 mmuesu,
1283 4424 1442 4498 librillose,
