3528 5482
714 707 893 748 -,--
942 707 954 716 ·
1286 675 1307 736 ⁵

293 859 403 918 Fortnt
430 853 600 916 admodum
625 859 737 916 varin.
766 853 863 916 Color
888 871 960 914 mox
985 853 1112 926 laetior,
1143 873 1162 915 e
1187 875 1308 942 pnrpu-

292 990 348 1032 reo
368 969 493 1041 brecus;
515 989 588 1030 mox
607 971 745 1049 opacior.
786 966 837 1026 Ad
857 985 960 1030 remos
979 965 1121 1026 orborum
1142 964 1307 1032 frondosa·

291 1103 360 1142 rnm
380 1086 484 1143 siccos
494 1080 618 1167 „ubique
644 1079 729 1156 iere,
757 1077 849 1160 hujus
880 1082 1030 1142 sectionis
1054 1071 1308 1166 feciie'vuigatis·

292 1198 377 1257 sime.
419 1193 579 1254 Perennis.

376 1307 423 1367 rb.
452 1307 485 1366 8.
515 1303 676 1386 pallida.

569 1437 601 1488 α,
625 1413 707 1474 luten

293 1529 386 1590 Color
405 1527 549 1590 iisvidus.
591 1527 671 1587 Cum
698 1540 849 1608 sequente
868 1523 954 1588 affini
974 1531 1005 1588 in
1026 1548 1066 1590 eo
1087 1549 1210 1614 quoque
1231 1549 1308 1594 con·
1418 1595 1426 1602 ἱ

292 1644 392 1710 venit,
415 1640 499 1722 quod
519 1655 666 1720 utraque,
696 1639 770 1702 loco
791 1639 880 1700 nstoii
901 1640 964 1700 lere
986 1655 1102 1709 tentum
1123 1645 1306 1721 adhaerent,

291 1751 330 1814 ab
358 1772 398 1813 eo
427 1751 516 1813 facile
543 1751 698 1824 solvetur,
729 1771 789 1813 nec
808 1771 879 1812 raro
900 1751 995 1813 libers
1013 1773 1051 1814 sc
1070 1755 1194 1818 mobilis
1214 1777 1309 1839 repe·-

291 1841 397 1926 ristur.
440 1863 478 1924 In
497 1863 586 1944 lignis
606 1865 703 1946 pineis
722 1863 852 1945 dejectis
872 1863 1007 1929 humidis
1021 1867 1165 1948 putribus
1179 1873 1306 1951 passim,

292 1978 380 2057 Sept.
405 1977 478 2036 Oct.
501 1977 583 2036 Nov.

375 2086 421 2148 16.
448 2089 481 2148 8.
510 2085 610 2148 rufe.

292 2201 451 2261 'fomento
472 2199 625 2262 albicante
645 2203 729 2260 circo
747 2196 837 2260 basin
855 2199 1038 2284 plerumque
1059 2200 1212 2277 obducto,
1238 2221 1308 2264 rno-

221 2339 225 2352 ·
292 2333 328 2373 re
354 2313 590 2393 praecedentis:
622 2333 642 2372 o
667 2331 726 2394 qun
754 2318 923 2398 praecipue
944 2314 1037 2406 distet
1057 2315 1180 2388 colore,
1208 2313 1309 2375 fotini

291 2427 393 2486 minus
417 2423 565 2506 regulari,
604 2424 718 2486 staturi
744 2425 848 2505 psullo
876 2425 1011 2506 majore,
1039 2445 1076 2488 sc
1103 2425 1175 2486 loco
1203 2426 1306 2488 nstnli.

293 2536 432 2598 Arbores
452 2542 535 2597 enim
555 2535 721 2598 frondosas
742 2551 922 2598 constanter
939 2535 996 2599 sibi
1011 2531 1105 2618 eligit,
1127 2539 1159 2598 in
1180 2557 1309 2620 querum

292 2655 384 2710 retnis
411 2649 557 2730 dejectis,
595 2667 671 2729 prae
699 2652 811 2708 ceteris
840 2661 943 2708 tmen
972 2641 1067 2706 nott·
1072 2643 1219 2736 fruticosi
1244 2653 1309 2735 eyi-

293 2759 349 2833 ds,
380 2763 506 2820 minime
525 2779 594 2820 rare
614 2764 769 2822 occurrit:
797 2757 871 2820 inde
893 2780 912 2819 a
934 2763 1053 2844 seriore
1072 2773 1221 2822 autumno
1240 2760 1309 2824 hie-
1349 2749 1355 2756 ⁸

292 2889 374 2932 mem
394 2875 501 2932 mitem
519 2875 552 2932 in
571 2892 626 2932 ver
645 2891 744 2954 usquc
766 2870 951 2954 perdurans.

374 3003 422 3063 ¹7·
451 2985 483 3044 8.
513 2977 681 3046 ribestal
1194 3045 1198 3053 ,

293 3093 479 3175 Spbsenrbn
489 3095 579 3156 nobis
591 3113 718 3177 quoque
732 3094 780 3156 vel
795 3112 885 3156 cavos
898 3092 947 3154 vel
961 3091 1091 3176 geistinb
1102 3089 1193 3156 iiunli
1204 3094 1310 3178 reple·

294 3221 340 3269 tas
360 3207 526 3270 observare
546 3226 713 3289 numquam
726 3210 870 3288 contigit:
894 3220 1074 3267 constanter
1088 3211 1194 3286 potius
1209 3205 1310 3268 massi

293 3317 423 3400 quadam
437 3319 536 3380 soliciti
550 3315 734 3378 subcarnossi
754 3317 869 3383 ferctoe
888 3317 980 3378 nobis
999 3337 1183 3397 apparuere.
1213 3313 1310 3398 Quod

238 3469 249 3478 ·
294 3450 366 3491 ctnn
393 3435 425 3490 in
453 3431 593 3512 pluribus
624 3430 717 3492 buius
748 3433 870 3512 generis
898 3427 1090 3509 speciebus,
1126 3431 1226 3510 iisque
1256 3443 1309 3490 sut

293 3563 425 3623 prorsus
444 3549 591 3619 neronis,
614 3551 674 3605 'eut
700 3543 816 3606 ostiolo
838 3545 961 3603 nonnisi
986 3540 1130 3604 obsoleto
1150 3541 1309 3624 praeditis,

294 3653 450 3716 obtinent:
471 3659 602 3737 propria
621 3655 695 3715 inde
716 3653 826 3716 nmilia
845 3660 927 3717 inter
947 3652 1115 3735 Sphaerios
1144 3651 1312 3715 Sclerotia·

296 3785 357 3849 que
387 3767 504 3841 media,
533 3767 591 3830 illis
618 3766 735 3842 sormi,
765 3771 842 3842 situ,
865 3766 971 3828 habitu
992 3798 1034 3814 -
1062 3781 1094 3826 st
1113 3765 1162 3828 his
1180 3763 1313 3827 fructifi-

295 3881 418 3940 catione
438 3881 571 3960 propior
592 3879 649 3957 (sc
669 3883 772 3961 itaque
788 3879 853 3940 bric
873 3879 1014 3954 forsitan,
1034 3877 1185 3940 Sclerotio
1206 3877 1312 3960 sphae-
1334 3879 1338 3890 “

295 3989 393 4050 ηὀἱᾶι
412 3995 490 4052 viam
512 3990 690 4072 pandente,
718 3991 947 4072 translocends)
969 3995 1117 4051 constitui
1144 4009 1242 4072 posse
1268 3994 1313 4049 vi-

295 4103 398 4164 detur.
418 4135 459 4150 -
477 4105 568 4164 Loco
589 4123 647 4165 suo
668 4103 810 4186 vulgetis.
852 4105 936 4167 Nov.
957 4076 1040 4166 Dec.

378 4213 425 4274 18.
459 4213 494 4277 8.
520 4213 710 4277 sambuci.

290 4325 434 4400 Minuta,
471 4327 583 4390 linem
612 4349 626 4389 r
655 4328 727 4391 lete.
783 4325 919 4389 Stromo·
943 4347 981 4390 ex
1006 4325 1076 4396 albo
1103 4327 1310 4402 enormem,
1348 4383 1351 4390 ,

296 4456 477 4516 corrosum,
499 4441 610 4502 molle:
632 4439 814 4523 sphaerulae
833 4439 971 4523 pusillae.
1015 4440 1052 4501 In
1067 4439 1193 4502 ramulis
1210 4457 1313 4500 emor·
