3528 5482
711 719 891 734 m

367 860 418 922 68.
452 863 484 921 S.
513 874 761 942 quaternate.

288 975 410 1036 Temae
437 987 642 1056 quaternaeve
669 973 853 1054 plerumque
883 988 956 1036 sunt
976 972 1172 1055 sphaerulae:
1206 979 1304 1037 rarius
1340 1001 1348 1014 ·

290 1102 391 1148 tamen
416 1089 509 1148 etiam
535 1079 601 1171 fisis·
618 1089 705 1170 quasi
726 1107 743 1146 e
765 1085 943 1168 caespitulis
968 1085 1090 1150 duobus
1110 1093 1305 1170 approxima-

289 1205 328 1262 tis
355 1199 529 1286 confluunt.
578 1199 642 1260 Sub
671 1199 804 1262 cuticuli
833 1220 989 1260 raumrum
1019 1205 1172 1262 slecorum
1199 1198 1303 1274 Sorbi,

292 1313 400 1396 Populi
435 1311 598 1386 tremulae,
639 1311 748 1396 Ceryli
784 1327 846 1374 etc.
876 1318 992 1394 passim
1026 1319 1182 1391 occurrit5
1219 1319 1304 1376 omni

288 1429 358 1488 anni
379 1441 535 1506 tempore.

386 1539 435 1620 69.
467 1541 499 1600 S.
527 1539 794 1600 Platanoidis.

289 1649 479 1734 Sphaerulce
499 1667 606 1713 ovatae
627 1653 753 1712 demum
782 1653 956 1734 collapsae,
993 1653 1237 1729 decumbentes,
1271 1659 1305 1715 in

288 1765 405 1826 cellulis
435 1764 563 1826 familiae
590 1765 777 1826 solemnibus
811 1767 896 1848 ligno
930 1771 1089 1847 impressis
1117 1767 1300 1842 collocatae,

287 1863 512 1960 regularissime
547 1899 606 1960 per
634 1879 746 1940 seriem
780 1883 902 1939 unicam
939 1851 1070 1942 duasvex
1086 1885 1302 1944 concentricas

288 1997 469 2063 circinatae,
500 1990 694 2072 epidermide
720 1992 859 2052 detracta
879 1991 979 2054 nudae
1000 2008 1154 2073 prostant.
1201 1993 1302 2054 Ostio-

288 2105 385 2166 lorum
413 2105 492 2166 collo
521 2105 759 2186 procumbentis
789 2119 981 2186 convergunt
1008 2125 1056 2172 ccl
1075 2127 1171 2188 super
1192 2124 1301 2168 centro

287 2223 320 2280 in
354 2219 527 2302 cylindrum
560 2217 687 2278 brevem
721 2218 853 2280 collecte
881 2233 1044 2299 assurgunt
1077 2220 1303 2304 cuticulamquo

286 2331 466 2415 perforant3
496 2348 635 2394 ceterum
661 2335 788 2392 tneterie
818 2335 944 2392 corticis
976 2333 1083 2392 leviter
1111 2347 1210 2406 tectu,
1243 2354 1303 2414 per

288 2467 378 2529 quern
399 2443 612 2528 (epidennide
633 2443 748 2523 ablati)
770 2443 860 2504 color
881 2465 987 2506 eorum
1006 2449 1093 2527 niger
1108 2459 1300 2526 transperct:

288 2562 393 2642 capito
420 2559 593 2642 cylindrum
621 2562 813 2619 terminantia
847 2558 993 2639 globosa,
1029 2558 1143 2632 nitide,
1177 2564 1302 2641 saepius

289 2672 473 2734 umbiliccte.
520 2671 559 2732 In
584 2671 667 2752 ligno
697 2669 825 2730 Bernlae
851 2667 939 2730 albae
963 2675 1116 2746 sicciore,
1151 2691 1211 2734 nec
1232 2671 1302 2734 alibi

289 2786 470 2868 bucusque,
491 2784 653 2866 aliquoties
675 2787 809 2845 inventa.
851 2783 1004 2856 Vernalis.

366 2917 415 2978 70·
450 2901 483 2958 S.
512 2897 693 2960 salicine.
957 2885 959 2888 ⁵

288 3010 398 3072 Obiter
423 3014 565 3092 inspecta
586 3009 808 3092 speciminibus
830 3008 863 3070 S.
887 3011 993 3068 rtlttettc
1019 3009 1301 3090 imperfectioribus

285 3122 370 3186 haud
390 3124 545 3186 dissimilis
567 3140 632 3185 est:
655 3141 686 3184 at
706 3123 754 3184 vel
770 3127 846 3203 ipsis
860 3121 1032 3202 sphaerulis
1053 3138 1201 3186 stromate
1215 3125 1300 3184 nullo

286 3239 417 3318 proprio
428 3281 436 3312 ,
459 3237 517 3299 sed
536 3239 622 3298 suerii
642 3237 739 3318 lignei
757 3240 884 3296 materie
905 3237 1056 3296 internati
1071 3239 1203 3298 invicem
1224 3257 1302 3296 con-

285 3353 372 3410 nexis
390 3381 432 3396 -
451 3349 574 3410 abunde
596 3327 719 3422 differt,
749 3349 917 3430 locumque
944 3348 1003 3417 sibl
1021 3353 1054 3411 in
1075 3351 1220 3410 Sectione
1239 3370 1300 3410 no-

287 3461 350 3522 stri
370 3461 514 3524 vindicat.
558 3463 681 3526 Crescit
700 3466 731 3522 in
751 3466 843 3523 remis
865 3462 997 3524 salicinis
1011 3465 1156 3543 copiose,
1180 3462 1301 3524 discum

285 3595 357 3636 mox
376 3579 605 3655 nigrescentem
623 3595 697 3636 mox
709 3575 844 3636 albidum
860 3596 935 3657 prae
950 3595 984 3638 se
1000 3575 1112 3638 ferens.
1142 3575 1298 3638 Perennis.

364 3707 413 3770 7¹·
447 3689 480 3750 S.
508 3687 705 3750 Tessella.

562 3825 594 3873 c,
617 3803 718 3860 cincta

561 3913 598 3990 β,
621 3912 765 3978 decedens

285 4025 359 4086 Ver.
383 4046 415 4099 c,
437 4027 537 4086 rarior
562 4027 647 4108 apud
673 4047 750 4100 nos,
783 4045 843 4088 nec
870 4028 1299 4110 nisibumatura(spl1aeru-

285 4137 323 4198 lis
349 4135 469 4218 pallidis
497 4138 663 4214 tuollibus3
692 4138 814 4221 cingulo
843 4154 946 4200 temen
973 4144 1062 4220 nigro
1091 4160 1149 4200 suo
1169 4139 1230 4223 jam
1251 4125 1299 4199 inss

285 4250 388 4331 elusa)
415 4250 587 4339 obseryntc.
631 4253 731 4326 Hinc,
759 4273 832 4312 num
861 4256 970 4334 specie
989 4273 1006 4312 e
1026 4249 1061 4328 β,
1093 4253 1236 4333 (inipso
1257 4252 1301 4312 l'a-

284 4363 384 4424 miliee
403 4363 499 4424 limite
520 4365 639 4444 positd,
669 4365 840 4446 sphaerulis
861 4364 1079 4428 circuientibus
1100 4365 1241 4446 quidem,
1268 4379 1300 4425 ct

283 4476 404 4538 ostiolis
432 4476 669 4562 haudquaquam
690 4477 967 4560 eonvergenttbon
1001 4479 1058 4540 sed
1079 4481 1212 4540 seorsim
1232 4481 1300 4558 epi·
