3574 5486
749 759 926 772 -—--·-
1283 723 1340 802 2b7

323 906 405 987 garis
431 902 546 986 ubique
566 905 677 984 ¹pineta
705 916 810 963 nostra
846 899 955 961 incolit
982 921 1014 972 a,
1041 921 1100 982 per
1124 916 1224 962 totmn
1251 916 1341 964 eutu-

323 1037 446 1078 mnum:
475 1035 492 1075 a
521 1016 581 1098 qui
607 1014 711 1075 diilcrt
730 1035 786 1096 γγ,
807 1017 911 1096 stipite
930 1015 1088 1095 graciliore
1109 1019 1199 1076 etiarn
1220 1030 1251 1074 et
1271 1015 1341 1076 lon·
1443 1069 1451 1089 ,

324 1134 429 1211 gi0r03
450 1129 534 1210 pileo
552 1127 739 1210 profundius
753 1125 1047 1202 inlitndibuliloruri3
1071 1127 1195 1202 colore,
1217 1142 1342 1209 praeter

324 1246 492 1323 marginem
512 1261 584 1302 cum
605 1241 721 1304 subulis
749 1239 869 1312 album,
899 1239 1037 1301 violaceo
1050 1254 1155 1300 -atro
1197 1240 1343 1301 Provenit
1377 1271 1383 1288 ·

324 1375 389 1416 ver.
412 1353 534 1436 elegans
553 1359 736 1436 praesertim
757 1357 790 1413 iu
814 1351 957 1414 abietinis
985 1357 1138 1416 muscosis
1165 1353 1343 1431 (Mobolzev

328 1464 445 1534 Huldcs
468 1465 542 1528 διον
561 1466 680 1547 Busch)
701 1470 828 1548 passim.
871 1469 959 1548 Sept.
982 1467 1057 1528 Oct.

405 1599 474 1660 79¹·
510 1580 552 1640 H.
583 1579 833 1661 spadieeum.

326 1691 431 1773 Prope
452 1709 526 1752 sene
546 1693 586 1752 ad
606 1690 823 1753 Sistotremnra
844 1692 976 1754 accedit.
1020 1691 1192 1753 Pilcusnec
1207 1695 1340 1768 strictus,

326 1823 387 1864 nec
413 1803 576 1878 fasciatus,
606 1819 746 1866 tomento
771 1805 854 1866 molli
883 1803 1017 1866 velutino
1043 1783 1174 1886 pulchre
1200 1804 1343 1866 brunneo

325 1917 494 1997 acqualiter
514 1931 627 1980 tectus.
670 1916 804 1978 Subulae
821 1937 929 1980 versus
950 1917 1038 1980 basin
1057 1919 1141 2000 pileo
1164 1917 1342 1980 subconco-

326 2027 428 2103 lores,
448 2035 538 2112 apice
558 2031 724 2092 latescunt.
767 2033 895 2112 Species
916 2031 1006 2092 nobis
1036 2051 1161 2113 quoque
1189 2035 1342 2094 rarissima

327 2125 450 2236 nonnisi
470 2142 567 2204 semel
587 2143 673 2204 bisve
693 2147 726 2203 iu
744 2143 881 2224 abiegnis
901 2139 1085 2224 (Duberau)
1106 2143 1197 2206 locta.
1226 2146 1314 2228 Sept.

406 2275 477 2337 792.
508 2257 551 2318 H.
579 2258 882 2337 auriscalpiutn.

604 2393 636 2445 ct,
659 2368 832 2452 spudiccum

603 2481 664 2558 ββ,
687 2480 803 2542 bicolor

328 2595 404 2656 Ver.
426 2593 487 2673 ββ,
509 2609 616 2658 nostra
637 2609 703 2658 tota
723 2594 840 2670 albida,
871 2594 1011 2657 orbiculo
1039 2595 1112 2676 pilei
1133 2593 1258 2656 centrali
1285 2597 1343 2654 cir·

328 2709 509 2791 cumscripto
531 2710 609 2787 (nec
622 2713 735 2771 sensim
752 2713 948 2789 transeunte)
970 2705 1165 2790 ferrugineo,
1188 2727 1252 2768 non
1268 2727 1344 2770 con-

233 2813 237 2826 ’
328 2821 483 2882 fundende
503 2837 553 2886 est
572 2843 641 2882 cum
662 2837 761 2887 aetate
783 2843 845 2882 var.
868 2843 900 2894 e,
930 2822 1067 2903 vulgatae
1081 2809 1231 2902 ¹juniore,
1258 2822 1343 2906 colo·

327 2955 394 2996 rem
416 2948 516 2996 totum
537 2939 719 3016 praesertim
740 2935 850 2998 subtus
879 2934 1052 2995 dilutiorem
1078 2950 1282 2997 monstrante.
1304 2971 1345 2986 -

328 3049 475 3109 Provenit
508 3061 638 3128 unaque
665 3067 728 3107 var.
764 3049 776 3124 (
783 3047 840 3110 sed
864 3045 926 3124 ββ,
956 3051 1098 3128 parcior)
1131 3051 1164 3106 in
1190 3047 1343 3123 Strobilis,

328 3179 559 3241 nonnumquam
581 3175 614 3220 et
633 3158 769 3234 acubus,
789 3161 887 3242 pineis
907 3159 1063 3241 frequens.
1107 3161 1294 3224 Perennens.

407 3271 478 3354 793.
513 3273 554 3334 H.
581 3273 836 3334 suaveolens.

330 3383 462 3448 Habitus
489 3384 554 3447 lere
585 3386 624 3446 H.
656 3388 816 3468 compacti.
861 3386 962 3446 Pileus
987 3386 1111 3468 grandis
1138 3385 1345 3468 (spithtrnaea

329 3495 490 3561 babuimus
512 3491 690 3580 exetnpla'),
720 3514 918 3580 compactus,
950 3503 1126 3570 coriaceus,
1154 3497 1225 3579 plus
1245 3501 1346 3558 minus

330 3613 484 3683 viscosus,
507 3611 688 3674 colliculos'o
702 3615 877 3693 -rugosus,
900 3624 1038 3672 ceterum
1054 3612 1182 3691 planus,
1205 3623 1345 3671 tomento

330 3721 433 3783 albido
456 3725 610 3805 (anargine
631 3725 780 3804 excepto)
801 3743 896 3804 saepe
917 3721 1082 3784 obductus.
1124 3722 1234 3782 Aculei
1253 3741 1346 3804 regu-

300 3830 303 3839 '
330 3835 425 3909 lsrcs,
447 3834 596 3909 formosi,
625 3834 834 3917 pulcherrime
854 3834 1002 3896 coeruleo
1015 3869 1031 3882 ·
1044 3835 1197 3910 violacei;
1235 3835 1347 3917 quibus

330 3939 475 4010 obtectus
496 3969 595 4029 paene
616 3951 706 4030 stipes
728 3963 850 4022 eunus,
881 3969 1022 4022 crassus,
1053 3953 1085 4008 in
1110 3949 1224 4030 pileutu
1247 3963 1348 4010 usus-

331 4059 441 4122 lluens.
488 4059 575 4121 Odor
595 4061 723 4136 debilis,
753 4067 872 4124 suavis:
900 4062 967 4124 aliis
988 4061 1186 4122 Cardamomi
1212 4060 1277 4120 lere
1305 4064 1347 4122 si-

331 4171 488 4233 miliumve
524 4189 696 4235 aromatum
728 4174 961 4249 delicatiorum,
996 4175 1062 4236 aliis
1096 4174 1182 4236 foeni
1213 4175 1347 4234 recentis

332 4284 562 4362 (Anthononrlti
584 4285 746 4367 odorati),
796 4289 862 4349 aliis
882 4292 931 4349 vix
951 4287 1037 4349 ullus.
1086 4287 1198 4348 Incolit
1223 4289 1347 4367 species
1467 4339 1476 4346 .

331 4396 475 4460 notabilis
496 4403 601 4482 pineta
621 4415 725 4462 nostra
740 4399 913 4484 colliculosa
927 4399 1109 4462 sicciuscula
1130 4397 1219 4477 (Seer
1230 4397 1347 4466 Busche

333 4509 548 4593 Burultlutgcl,⁸
564 4511 666 4574 rodier
678 4515 789 4593 Mem)
801 4512 859 4576 sed
869 4533 978 4597 partmt
988 4511 1147 4596 frequens.
1168 4512 1248 4594 Aug.
1262 4513 1346 4594 Sept
