3528 5482
734 723 912 741 ·-—-···
1288 697 1327 757 ab

311 872 448 944 laevitie,
478 869 586 932 colore
607 884 694 945 atro,
722 870 966 954 papillarumque
993 871 1093 934 sormi
1116 875 1239 938 atoari
1260 881 1326 938 ico-

310 1004 381 1044 nem
408 983 718 1068 descriptionemque
745 985 784 1046 cl.
810 985 968 1070 Persoonii
987 991 1126 1068 proxime
1146 988 1323 1062 accederet,

304 1093 446 1180 'necdum
466 1101 625 1180 utriusque
645 1098 685 1156 ad
705 1113 844 1162 naturam
873 1099 1096 1180 comparandae
1117 1105 1243 1163 occasio
1264 1121 1326 1162 no·

311 1210 358 1272 bis
379 1209 481 1270 oblata
502 1225 604 1288 essct,
627 1209 690 1272 buc
709 1225 848 1272 nostram
867 1211 1065 1286 adscribere,
1099 1234 1190 1296 quam
1211 1233 1322 1274 novam

310 1343 524 1405 praepropere
557 1328 696 1404 speciem
720 1323 925 1400 admittere,
967 1305 1139 1388 consultius
1172 1326 1348 1388 durdrnus..

311 1437 362 1498 Bis
382 1437 461 1500 lecta
481 1435 555 1498 furt:
589 1436 783 1518 frequentior
809 1443 840 1498 in
865 1437 991 1500 ramulis
1019 1439 1091 1498 Pim'
1115 1442 1222 1522 piceae
1242 1441 1323 1518 (Eu-

310 1549 473 1631 ienwoid):
500 1554 624 1631 parcior
650 1555 682 1610 in
702 1549 788 1618 Ledo
816 1545 1019 1639 (Quizdors),
1061 1552 1234 1613 Galatinam
1255 1571 1323 1614 cae-

311 1667 384 1724 siam
404 1663 591 1744 promebant
611 1663 724 1725 ostiola
742 1665 837 1724 Maio.

387 1774 436 1858 76.
470 1777 502 1838 S.
531 1776 857 1858 appendiculam.

312 1887 479 1972 Caespirnii
510 1882 560 1972 ιβ
584 1889 743 1950 linearum.
800 1889 926 1952 Struma
955 1895 1028 1954 satis
1056 1911 1193 1954 crassum
1218 1889 1323 1954 bisce-
1426 1895 1429 1900 '

310 2007 635 2076 scente-cinereum,
668 2003 851 2086 plerumque
878 2005 1162 2086 appendicniatum.
1205 2005 1322 2088 Spirae·

247 2123 255 2136 '
309 2113 394 2175 ruioe
417 2119 522 2197 nigrae
552 2115 699 2186 tantillum
714 2115 908 2183 .fuscescunt
934 2135 988 2180 aut
1014 2118 1147 2180 obscure
1167 2137 1322 2199 purpura·

308 2235 416 2303 scunt,
437 2227 512 2290 aliar
534 2233 745 2304 sernivacuae,
767 2230 841 2292 eliae
862 2233 935 2292 cera
953 2230 1155 2312 nigro-fusca
1170 2245 1254 2292 totae
1267 2229 1322 2292 fur·

308 2356 388 2402 ctae.
433 2339 552 2404 Ostioia
579 2341 723 2422 papillata
751 2342 920 2406 subconica
947 2343 1103 2409 distincta.
1165 2341 1202 2404 In
1222 2363 1323 2404 ramu-

307 2453 343 2515 lis
364 2459 456 2516 siccis
481 2453 563 2516 Uimi
583 2457 775 2538 campestris,
797 2461 957 2537 copiosius
978 2454 1063 2516 Ribir
1084 2453 1179 2516 rubri.
1220 2457 1321 2518 Autu-
1396 2469 1400 2475 '

237 2585 242 2596 ’
307 2587 402 2643 meo,
423 2587 507 2630 vere.

641 2757 990 2840 b)Astomae.

384 2925 435 2989 77.
469 2908 500 2968 S.
529 2872 800 2988 Aucuparieer

582 3041 613 3094 u,
635 3017 727 3082 Sorbi

470 3163 472 3168 ’
580 3129 642 3209 RB,
660 3131 773 3194 Cereri

302 3246 356 3320 De
389 3250 494 3329 specie
528 3250 694 3308 etiamnum
725 3245 926 3328 aenigmatica
961 3265 1032 3308 cum
1060 3245 1194 3330 Synopri
1227 3247 1318 3308 metir.

300 3353 393 3446 sung.
422 3381 456 3442 p.
479 3359 528 3422 51.
551 3360 600 3421 52.
629 3378 760 3440 prorsus
787 3363 945 3450 sentimus.
997 3357 1188 3438 Sphaeruine
1206 3363 1239 3420 in
1258 3380 1319 3420 no·

304 3477 377 3536 stris
397 3477 522 3556 quoque
540 3487 656 3534 teretes
676 3471 760 3546 fere,
782 3469 1053 3544 iconifTodecnae
1072 3493 1181 3553 parurn
1199 3492 1318 3535 conso-

304 3606 380 3660 uae,
401 3605 463 3646 uec
482 3584 774 3674 piano-lamellatae
791 3599 864 3666 epte
881 3583 1051 3646 dicendae<
1074 3599 1213 3668 ceterum
1227 3584 1318 3646 binae

305 3713 447 3775 terraeve
467 3699 616 3784 deorsum
635 3717 730 3780 saepe
751 3713 911 3763 coartatae.
961 3719 993 3772 a,
1015 3695 1114 3780 major
1141 3713 1206 3774 est,
1241 3698 1317 3760 sub-

304 3811 452 3886 romnus,
475 3817 507 3872 in
528 3810 626 3872 Sorbo
646 3812 802 3893 frequens.
814 3825 963 3872 autumno
984 3825 1017 3870 et
1029 3813 1212 3892 praesertim
1227 3829 1317 3872 rere:

304 3921 366 4001 ββ,
389 3923 486 4006 duplo
507 3925 571 3986 fere
585 3929 698 3998 minor,
721 3923 989 4005 ovato-oblonga,
1011 3918 1206 3984 transversim
1223 3943 1322 3984 erum·

304 4057 403 4118 pens,
438 4037 611 4120 sphaerulis
638 4035 896 4119 simplicioribus,
934 4040 1033 4096 rarius
1064 4055 1122 4117 per
1148 4038 1233 4116 paria
1256 4034 1318 4095 basi

304 4153 433 4214 coalitis.
481 4151 573 4212 Hauc
597 4155 630 4210 in
660 4149 772 4210 Ceroso
799 4149 962 4232 aliquoties
991 4145 1179 4208 offendimus
1205 4147 1317 4226 (Mon-

303 4263 429 4345 pior'st'r)
449 4265 549 4324 Maio.

382 4375 432 4458 78.
467 4379 499 4438 S.
528 4373 776 4438 Berberidis.

304 4486 478 4552 Subicuium
498 4487 726 4552 subcuticulare
747 4503 858 4570 tenue,
884 4483 1157 4549 terreo-fuscum.
1201 4481 1317 4565 Spirae·
1369 4553 1372 4560 ⁴

1259 4627 1278 4700 4
