3582 5482
324 675 515 762 '160
870 711 1049 726 ---

456 855 597 918 Medium
622 853 696 916 inda
715 853 842 934 fungum
861 864 1003 912 nostrum
1026 852 1107 912 inter
1125 869 1204 912 varr.
1228 873 1261 926 a,
1284 865 1316 940 ος
1335 851 1375 930 β,
1399 853 1474 914 Per·

457 971 619 1029 soouiauas
645 985 716 1030 assa
744 964 874 1047 liquebit
907 995 949 1009 -
982 963 1067 1043 pileq
1102 964 1285 1046 cortiniqus
1311 943 1352 1024 ad
1380 965 1472 1040 ilium,

405 1115 410 1122 ·
458 1083 515 1146 sed
541 1079 668 1142 lamellis
695 1077 735 1140 ad
763 1078 842 1138 hanc
869 1079 1004 1156 propius
1029 1075 1242 1136 accedentem.
1285 1077 1372 1138 Loca
1393 1094 1476 1140 amat

459 1195 610 1278 sylvarum
631 1197 780 1252 variarum
800 1193 935 1271 gramine
956 1193 1065 1249 vestita
1090 1187 1234 1251 umbrosa
1255 1189 1302 1250 val
1322 1195 1474 1270 apa-icius·

459 1307 526 1368 cula
547 1303 643 1385 (δεον
657 1299 888 1382 Lehmgrubeur
910 1299 1125 1380 Basalthiigels
1147 1299 1319 1362 Solaiander
1334 1302 1398 1362 ulad
1410 1304 1473 1364 Lai·

459 1417 554 1479 bauer
575 1419 677 1495 Berg)
697 1417 797 1476 lactus
817 1413 979 1494 aliquoties
993 1415 1087 1495 -Sepa
1111 1415 1187 1476 Oct.

538 1531 607 1608 455.
640 1529 679 1590 A.
708 1527 746 1588 C.
777 1525 951 1608 fulgens.

460 1640 572 1704 Bulbus
606 1657 838 1721 nonnumquam
870 1637 1043 1700 obsoletus.
1105 1636 1263 1698 erellae
1296 1638 1473 1716 distinctae,

460 1761 533 1818 saris
553 1755 641 1816 latae.
677 1751 781 1813 Puluis
801 1749 954 1812 seminalis
974 1769 1075 1831 opace
1092 1771 1236 1812 croceus.
1265 1749 1369 1833 Sapor
1383 1773 1476 1834 proa-

460 1889 515 1932 sus
542 1871 644 1940 miris,
671 1884 732 1926 nec
756 1863 905 1924 mlitcaus
931 1868 1118 1925 unificans:
1146 1867 1178 1922 in
1205 1862 1324 1926 deliciis
1343 1865 1416 1926 inda
1434 1865 1475 1926 ab

459 1979 646 2042 animalculis
674 1981 763 2038 variis
790 1975 924 2038 habitus.
973 1976 1012 2035 ln
1031 1975 1184 2057 sylvaiicis
1208 1981 1347 2040 acarosis
1374 1997 1475 2060 aeque

459 2113 497 2155 ac
517 2091 675 2154 frondosis
701 2091 775 2150 hiac
801 2089 887 2150 illinc
912 2091 1059 2170 provenit
1086 2091 1211 2170 specics
1237 2091 1365 2152 miniano
1383 2089 1475 2154 uobis

459 2225 538 2266 rara.
580 2201 688 2265 Medio
707 2216 867 2262 autumno.

539 2315 609 2396 4⁵6·
642 2316 682 2377 Λ.
713 2315 751 2377 c.
779 2312 939 2374 fluvida.

736 2449 768 2499 a,
789 2423 929 2504 uulgaris

736 2535 797 2616 ββ,
819 2536 972 2596 maculosa

462 2657 536 2718 Var.
567 2675 599 2727 α,
627 2669 645 2711 e
672 2649 812 2712 Praedia
835 2645 1020 2738 fasciculnrr'
1048 2653 1240 2730 quantumvis
1268 2647 1475 2712 diversissimi

463 2766 600 2848 desuper
619 2769 667 2826 vix
687 2763 908 2844 distinguenda
951 2761 1051 2821 Pilens
1069 2761 1196 2822 maculis
1218 2765 1250 2821 in
1270 2761 1330 2824 iric
1349 2781 1476 2846 quoque

462 2899 526 2940 var.
548 2877 713 2950 anomalis,
744 2874 803 2936 sed
821 2873 860 2934 ab
879 2873 1049 2934 anirnalium
1074 2887 1190 2934 tantum
1210 2873 1348 2936 laesione
1369 2879 1475 2935 oriun-

463 2989 529 3064 dis,
557 2989 686 3052 sordide
706 2985 971 3060 irrecescentibus,
996 2986 1148 3048 interdum
1170 3007 1369 3067 conspersus.
1412 2987 1475 3048 Sri-

463 3121 515 3181 μισ
534 3101 681 3162 deorsum
702 3105 867 3183 nigricans.
897 3098 1001 3180 Sapor
1020 3119 1116 3180 saepe
1135 3099 1223 3160 valde
1237 3119 1368 3162 emanas.
1399 3095 1477 3160 vui·

462 3217 618 3296 gatiseiurs
638 3217 776 3275 occurrit
794 3212 834 3274 ad
856 3216 1113 3284 tamassanus,
1136 3212 1194 3274 saal
1206 3217 1348 3294 apprime
1363 3217 1477 3294 pineas

463 3341 496 3388 et
515 3325 686 3400 abiaiinos‚
711 3345 770 3407 per
790 3339 889 3386 toiuua
909 3337 1099 3385 autumnum.
1141 3325 1215 3384 Var.
1237 3321 1297 3400 ββ,
1320 3331 1474 3406 spaciosa,
1539 3307 1552 3318 ⁸

462 3437 576 3520 major,
605 3437 739 3512 firmior,
774 3458 845 3498 cum
864 3441 984 3498 micora
1003 3435 1124 3498 flabello
1144 3435 1243 3510 ilaus,
1272 3441 1408 3522 margine
1428 3442 1477 3520 pi·

462 3551 503 3611 lei
531 3550 721 3633 maculisque
749 3549 828 3612 disci
853 3548 983 3630 pulchre
1018 3549 1149 3610 lateritio
1165 3581 1182 3596 ·
1199 3549 1300 3610 rubris
1336 3553 1475 3630 insignis,

464 3661 520 3726 sed
541 3661 640 3724 i'ormi
661 3677 818 3735 cetarum,
840 3661 982 3734 lamellis,
1004 3660 1126 3735 habitu,
1149 3665 1229 3734 situ,
1252 3681 1377 3742 sapore,
1401 3662 1476 3724 loco

465 3773 560 3852 (item
587 3773 626 3836 ad
653 3775 760 3834 Pinum
790 3773 929 3856 cpixylo)
956 3793 1027 3833 cum
1055 3795 1087 3846 α,
1110 3777 1300 3836 couveniens
1318 3805 1361 3822 ·-
1379 3777 1477 3836 rarior

464 3891 619 3960 occurrit,
641 3887 804 3969 aliquoties
825 3884 996 3962 (Mololzer
1017 3884 1132 3966 Haide)
1151 3889 1275 3950 invauu
1288 3885 1475 3968 Septembri.

542 3999 613 4078 457.
646 3998 687 4059 A.
715 3999 754 4059 C.
782 3997 1035 4059 hemitriche.

465 4109 556 4170 Disci
576 4113 608 4170 iu
627 4109 709 4192 pileo
730 4110 819 4170 color
837 4109 971 4172 ‹iillicilis
992 4109 1143 4184 indicata,
1166 4131 1185 4171 a
1206 4109 1408 4192 subiuigmeo
1427 4110 1478 4172 iu-

466 4238 631 4282 sceecens:
658 4241 764 4302 margo
790 4221 861 4304 pilis
886 4225 1014 4284 sericeis
1040 4241 1147 4284 canus.
1190 4223 1305 4286 Passim
1332 4222 1409 4284 locis
1428 4227 1479 4304 pi·

466 4345 610 4394 ustorum
631 4332 786 4395 sectilibus
805 4339 942 4397 uasciarr
953 4338 1077 4418 species
1093 4333 1186 4398 nobis
1200 4355 1309 4418 panim
1322 4333 1479 4417 usqum

322 4521 331 4528 -
466 4444 660 4525 Septembri,
683 4445 826 4510 Octobri.
