3468 5486
296 902 327 958 in
348 897 432 960 cellis
452 895 681 959 humidioribus
694 895 817 977 ubique
837 894 980 972 abunde,
1013 895 1149 979 epixyla,
1171 897 1314 974 saxatilis,

295 1013 361 1098 imo
382 1013 426 1098 ἱιιἱ
441 1011 511 1072 ollis
537 1030 599 1091 pro
627 1011 798 1091 plantarum
824 1007 1036 1090 hybernaculo
1062 1009 1167 1092 ibique
1189 1031 1317 1073 conser-

294 1119 395 1184 venda
416 1123 626 1185 incolumitate
647 1123 709 1184 hilo
730 1121 838 1184 delatis
856 1122 1022 1186 terrestris.
1053 1122 1214 1207 Hyernalis
1227 1144 1317 1207 prae-

296 1241 402 1298 sertim
424 1251 457 1297 et
476 1237 617 1300 vernalis.

522 1427 562 1508 b)
605 1424 1082 1490 Subintertextc.

379 1573 465 1655 1098.
485 1574 541 1634 ‚D.
565 1565 786 1656 petraeum.

296 1687 440 1749 Amoene
461 1707 606 1764 aureum,
635 1686 723 1748 valde
750 1685 1006 1769 pulverulentum.
1047 1687 1136 1770 Byssi
1155 1686 1248 1750 nobis
1267 1709 1317 1748 ra-

294 1804 436 1862 rissimae
457 1819 585 1882 caespes
605 1804 731 1862 nonnisi
750 1803 860 1863 unicus
875 1805 1018 1864 iuventus
1030 1805 1063 1861 in
1078 1799 1210 1862 Granito
1225 1801 1315 1881 (Far-

297 1915 473 1994 stensteirte)
494 1913 598 1974 JuniO.

380 2045 465 2108 1099.
495 2025 536 2088 D.
565 2025 706 2088 ollere.
1082 2007 1092 2040 ⁰

297 2137 392 2199 Initio
425 2136 619 2214 subfulvum,
655 2142 810 2220 caespites
838 2141 1040 2200 'constituens
1073 2158 1205 2219 parvos:
1240 2138 1315 2209 dein

297 2249 389 2332 longe
409 2271 446 2312 oc
466 2251 526 2312 lata
546 2250 679 2314 effusum
699 2249 788 2336 sirnul
809 2255 946 2312 canescit
965 2266 1018 2311 aut
1041 2252 1223 2333 expallescis.
1264 2251 1315 2312 Ad

296 2379 410 2424 temam
440 2363 568 2426 ollarum
593 2363 781 2446 hyemalium
808 2368 842 2424 in
866 2363 1059 2427 holocaustis
1093 2379 1317 2428 asservttarum

298 2475 373 2538 ltinc
394 2475 479 2539 inde.
520 2478 588 2538 Jan.
610 2477 704 2538 Febr.

379 2609 465 2652 1100.
498 2589 541 2652 D.
573 2588 887 2651 cinnabarinum.

572 2699 633 2778 ββ,
656 2705 866 2783 truncigenum

298 2812 392 2876 Color
411 2816 443 2874 in
462 2828 570 2876 nostro
593 2835 719 2898 quoque
732 2836 833 2896 opace
849 2813 1081 2889 cinnabarinus,
1106 2815 1313 2900 caespitesque

294 2949 312 2990 e
333 2927 395 2988 iilis
411 2925 567 2996 ¹brevibus
594 2927 812 3008 compacti-
831 2928 889 2990 sed
917 2922 1160 3010 circumscripti,
1189 2928 1312 2989 medio·
1381 2937 1387 2948 '

294 3056 384 3114 cres,
407 3043 456 3098 vix
475 3038 629 3101 unciales:
657 3054 795 3101 cetarum
816 3041 1029 3122 pulverulenti.
1071 3039 1142 3099 Fila
1161 3045 1313 3122 margina-

293 3152 334 3214 lia
354 3151 500 3234 nonnulla
519 3150 665 3214 distincta
684 3173 743 3233 par
761 3153 877 3215 lentem
898 3153 1133 3216 subvorticillata
1145 3152 1236 3216 nobis
1256 3175 1312 3235 ap·

292 3285 438 3348 paruere.
480 3265 533 3324 An
552 3269 656 3348 itaque
674 3265 756 3327 hoc?
775 3269 808 3326 in
828 3266 1036 3348 descriptione
1050 3265 1223 3351 Sytwpseos
1244 3266 1314 3329 bre·

293 3379 420 3442 vissimia
439 3379 482 3440 nil
502 3377 699 3441 affmnamus.
748 3379 869 3442 Crescit
887 3379 928 3442 ad
947 3379 1053 3442 discos
1073 3399 1202 3456 caesos,
1231 3380 1312 3463 ligna

210 3560 214 3566 ¹
291 3491 395 3567 nudet,
426 3491 537 3554 Salicis
566 3489 673 3564 albae,
705 3491 820 3563 Titiae,
847 3493 1033 3574 aliarumque
1058 3490 1204 3554 arborum
1224 3491 1313 3553 Fron·

195 3621 197 3626 ’
292 3601 437 3666 deserum
457 3604 542 3666 haud
561 3603 640 3665 adeo
665 3603 844 3686 infrequens
870 3606 918 3683 (e.
939 3623 969 3688 g.
998 3603 1158 3674 Vosmerl3
1186 3603 1310 3672 Mokol-

292 3738 344 3776 κεν
357 3714 476 3787 Hoide,·
499 3715 639 3798 Dielrse).
681 3717 838 3778 Autumno
858 3716 966 3790 tardo,
987 3736 1072 3780 vere.

318 3803 323 3812 ¹
375 3849 460 3892 1101.
493 3830 536 3890 D.
564 3833 816 3912 impressum.

565 3939 628 4020 aa
651 3937 779 4030 rum

290 4053 366 4115 Late
386 4053 518 4116 effusum
539 4069 589 4117 est
607 4069 766 4128 nostrum,
789 4075 849 4116 nac
870 4056 1157 4134 circumscriptum,
1177 4057 1328 4116 necho.

289 4185 452 4246 pressum:
475 4167 518 4228 ob
539 4167 668 4228 colorem
691 4183 792 4228 tamen
813 4165 913 4226 album
928 4167 991 4227 latlc
1008 4170 1211 4229 recensitum.
1241 4167 1305 4226 Ha·

291 4275 416 4348 bimae
444 4279 600 4339 structura
628 4301 699 4340 cum
726 4279 768 4338 D.
796 4276 957 4338 herborum
983 4299 1016 4360 q,
1048 4276 1114 4340 lere
1145 4279 1304 4344 conveniri
1317 4337 1320 4342 .

288 4389 328 4451 11¹
342 4389 493 4472 Agartus
514 4388 671 4455 exsiccatis
693 4390 912 4473 semiputribus
931 4393 1047 4473 passius
1074 4389 1169 4468 (Seu
1194 4389 1306 4452 Utlers«

289 4497 367 4594 θον]
383 4506 474 4586 etc.)
516 4504 692 4588 Septembri
712 4518 744 4567 et
764 4523 854 4587 seqq.
