3468 5486
419 685 478 766 362,
831 723 1011 741 ...-

412 862 545 959 fabrica
573 866 693 930 eedem.
742 863 793 928 tte
820 866 925 931 discos
947 869 1066 952 ligneos
1086 867 1230 932 museto·
1251 871 1437 952 semipntres

418 981 606 1065 butyrosos,
629 981 767 1056 cellaris,
789 985 897 1043 sarim.
940 982 1079 1045 Aestate.

501 1089 587 1173 1084.
620 1095 667 1156 M.
697 1092 933 1176 sulphurea.

421 1205 516 1268 Color
540 1227 624 1268 nunc
659 1206 859 1289 sulphureus,
898 1227 982 1268 nunc
1009 1211 1043 1270 in
1069 1207 1257 1270 ocltraceum
1290 1225 1434 1290 vergens.
1534 1218 1542 1229 ¹

417 1320 456 1382 ln
474 1319 563 1384 melis
588 1319 716 1404 aliisque
742 1317 895 1384 fructibus
922 1320 1054 1384 mucidis
1080 1319 1261 1398 collaribus,
1288 1319 1435 1403 frequen·

419 1435 491 1496 tior.
538 1434 630 1496 Vere.
1435 1423 1444 1432 ’

499 1546 583 1610 ιο85.
615 1546 664 1608 Μ.
693 1561 821 1608 rosea.

417 1658 541 1722 Eodem
560 1677 692 1742 prorsus
711 1658 784 1722 loco
804 1679 876 1721 cum
905 1658 1070 1720 Materni
1096 1657 1189 1722 nobis
1216 1655 1309 1720 obvia
1335 1655 1431 1722 lacus

418 1771 468 1832 illi
488 1772 593 1853 paullo
614 1771 756 1836 crebrior
776 1787 808 1834 et
827 1772 941 1854 major,
964 1777 1120 1836 inomaus
1139 1771 1188 1834 vel
1202 1792 1306 1836 rosea.
1334 1773 1436 1838 Aesti-

418 1883 500 1946 valis.

501 1995 586 2058 1086.
619 1998 668 2059 M.
699 1998 850 2080 glauce.

418 2107 566 2192 Stipitum
588 2108 678 2172 color
697 2109 785 2173 albus
810 2112 858 2173 vel
878 2111 1096 2195 glaucescens:
1125 2110 1328 2193 capitulorum
1354 2115 1436 2175 cino·

416 2242 473 2283 reo
486 2227 646 2287 -cuesius⁴
701 2223 843 2306 Vulgaris
870 2224 947 2286 brec
972 2223 1098 2288 iuiesm
1124 2243 1191 2286 non
1218 2223 1334 2286 fructus
1366 2241 1434 2286 tsn-

417 2349 482 2396 rum
503 2350 720 2417 putrescentes
741 2338 884 2400 cellarum
906 2355 969 2400 etc.
991 2337 1048 2400 sed
1065 2353 1097 2400 et
1110 2339 1190 2419 ligna
1205 2343 1318 2419 passim
1333 2342 1434 2420 putria

415 2450 527 2532 pinea,
550 2447 685 2512 alteriue
704 2451 822 2535 elinque
842 2455 934 2514 varia.
976 2453 1159 2514 Praesertim
1180 2470 1264 2512 vere.

499 2563 584 2644 1087.
616 2565 661 2626 Μ.
687 2565 810 2646 pulla.

417 2673 498 2736 Cum
525 2678 573 2738 Μ.
596 2677 692 2738 aurat
713 2693 745 2738 et
756 2678 870 2763 soseri,
898 2681 973 2738 item
992 2697 1076 2738 rere:
1103 2677 1260 2758 Augusto.
1307 2677 1435 2758 Species

416 2785 477 2868 jem
498 2794 672 2852 recensitae
692 2795 828 2873 quinque
849 2795 981 2872 propius
1001 2789 1111 2852 mimos
1131 2805 1221 2864 sunt,
1243 2793 1291 2850 vis
1304 2794 1365 2852 nisi
1379 2809 1435 2850 eo-

416 2900 535 2963 loribus
556 2902 707 2965 diversae.
748 2904 852 2966 Modo
872 2901 1073 2986 imperfectae
1089 2917 1275 2976 occurrunt,
1296 2903 1431 2976 sessilos,

415 3014 603 3096 emorphae:
625 3016 722 3078 ruodo
741 3021 899 3100 vigentes,
921 3013 1117 3098 effiguretee,
1139 3019 1311 3098 stipitstae,
1331 3017 1433 3098 stipite

415 3127 617 3208 utplurimum
638 3129 783 3192 dilutiore
804 3128 945 3205 albente,
969 3127 1072 3212 quoad
1089 3143 1234 3190 staturam
1249 3129 1434 3194 crassitiem·

416 3260 477 3322 que
498 3245 595 3303 vario.
636 3241 774 3304 Articuli
795 3241 915 3303 illorum
942 3241 1100 3317 minutuli,
1133 3263 1193 3325 per
1212 3246 1289 3304 vitre
1308 3247 1433 3304 nonnisi

415 3357 593 3435 eugentlont
615 3354 761 3418 visibiles.

499 3466 586 3530 ιο88.
618 3469 666 3529 M.
695 3467 877 3530 candida.

414 3578 555 3656 Minuta,
577 3579 763 3666 elegentule,
786 3587 974 3662 persistens,
997 3581 1102 3663 stipite
1120 3577 1272 3642 mediocri
1292 3585 1367 3644 stus
1380 3579 1434 3642 ib»

414 3713 478 3753 mo.
520 3693 560 3756 ln
580 3695 746 3756 corticibus
768 3693 919 3776 lignisque
939 3692 1191 3775 putrescentibus
1211 3699 1302 3757 variis
1317 3699 1432 3777 possim

416 3805 655 3890 (Schb'psteiese3
679 3806 797 3877 Heidet
821 3801 1036 3895 flengerstiorf
1051 3810 1147 3887 etc->t
1172 3809 1272 3867 rarior
1290 3807 1324 3868 itt
1343 3807 1433 3888 Age·

415 3919 488 3978 rieis
507 3935 585 4003 post
604 3921 800 4002 putredinem
821 3921 986 3992 induretis,
1016 3919 1069 3982 ttbi
1089 3923 1195 4002 stipite
1214 3919 1329 4001 pendet
1348 3925 1432 3982 tenui

414 4031 509 4115 longo
531 4029 746 4116 subcepillari,
772 4033 908 4114 cepitulo
930 4047 1066 4094 ceterum
1086 4032 1251 4115 sphaerico
1272 4048 1333 4096 ete.
1354 4053 1431 4096 con-

414 4165 500 4226 gruo.
541 4146 687 4223 Aestate,
710 4161 869 4209 eutuutno.

422 4319 430 4338 ,
546 4275 651 4334 ,tt
695 4271 1222 4323 asranotttus.

496 4371 583 4454 1089.
616 4373 664 4433 M.
693 4371 873 4454 digiteta.

414 4483 557 4560 Pervius,
588 4487 740 4568 gregorie,
774 4484 880 4567 glauca
906 4481 956 4547 vel
980 4479 1261 4546 abido-etrum.
1304 4481 1432 4566 Stipites
