3574 5486
751 743 930 762 uuam-fl

328 913 474 972 scentes,
502 898 642 978 inprimis
668 895 782 975 piceos.
828 893 991 974 Angusto,
1020 889 1212 974 Septembri,
1242 895 1344 974 primo
1411 955 1416 960 ,
1533 889 1538 904 ’

328 1007 473 1072 Octobri.

405 1119 477 1202 679.
510 1119 550 1180 A.
579 1119 611 1179 P.
641 1107 875 1201 stypticns.¹

325 1231 504 1314 Epidermis
529 1230 604 1314 pilei
629 1235 662 1291 in
689 1231 863 1313 sqtumules
896 1227 1085 1292 lurlureceee
1113 1228 1238 1292 demum
1266 1231 1347 1294 solvi
1477 1208 1487 1224 ¹

327 1348 501 1430 cousuevit.
543 1343 780 1426 vulgatissimus
801 1357 850 1407 est
870 1341 999 1425 fitngus,
1028 1341 1068 1404 nd
1089 1343 1233 1406 caudices
1253 1344 1345 1406 rubo-

326 1475 395 1516 rum
423 1462 573 1518 variarum
598 1455 818 1518 frondosarum
847 1455 963 1538 ubique
986 1453 1052 1519 fere
1071 1477 1182 1541 greges
1202 1477 1278 1522 suos
1298 1455 1344 1520 el-

326 1565 471 1632 btndens.
514 1570 694 1642 Autumno,
718 1568 949 1652 hyeme,vere.
987 1587 1005 1596 ·

405 1681 478 1744 630.
511 1683 550 1743 A.
581 1683 616 1745 P.
646 1686 767 1743 mitis.

248 1837 251 1842 ι
329 1795 430 1856 Peleus
456 1794 622 1866 candorem
648 1793 846 1876 utplurimum
868 1806 1046 1868 conservet,
1077 1811 1135 1854 nec
1159 1794 1219 1856 nisi
1247 1798 1345 1858 rarius

326 1905 451 1990 iuligine
479 1907 611 1990 quidum
640 1907 735 1968 dllutl
753 1911 787 1967 in
806 1905 1027 1968 vetustioribus
1054 1903 1175 1970 efflatus
1199 1907 1345 1985 observe-

326 2035 388 2082 tur.
431 2019 591 2080 Lameilne
610 2020 780 2102 simplices,
803 2017 906 2094 albae,
928 1997 1052 2080 demum
1073 1999 1206 2100 pellent:
1228 2024 1260 2080 in
1278 2023 1345 2083 ico·

325 2151 367 2194 ne
398 2129 483 2192 Obss.
505 2155 585 2218 myc.
606 2133 633 2194 1.
663 2131 725 2194 teb.
747 2133 777 2194 5.
806 2131 859 2214 lig.
881 2131 912 2194 3.
943 2132 1026 2214 justo
1054 2132 1152 2192 multo
1181 2139 1344 2195 saturetius

316 2249 424 2326 pictos
453 2261 594 2306 nostrum
624 2245 732 2308 selteru
753 2245 908 2326 exeurplar
927 2243 1059 2306 exhibet.
1103 2243 1344 2327 Stipiu's'lorrne

326 2376 361 2417 ec
387 2356 524 2418 dilatatio
550 2377 679 2439 prorsus
709 2357 806 2439 qualis
832 2362 864 2416 in
891 2357 1106 2438 praecedente.
1148 2356 1252 2438 Sopor
1270 2377 1343 2439 per-

300 2474 474 2568 'slstenter
491 2475 586 2534 ruitis.
634 2471 753 2532 Remos
780 2455 929 2532 deciduos
955 2485 1117 2532 emortuos
1138 2469 1284 2530 Piuorum
1303 2501 1344 2520 ·-

325 2583 499 2667 sylvestris,
532 2580 671 2658 Abletr's,
707 2586 813 2667 piceae
839 2617 880 2631 -
907 2589 1021 2666 passim
1055 2576 1161 2671 (faule
1187 2581 1342 2652 Brir'clren,

326 2693 486 2756 Mobolzer
507 2694 626 2766 Heider
655 2685 852 2777 Eulenwald)
872 2709 1017 2779 occupet,
1049 2695 1131 2758 haud
1151 2695 1339 2780 infrequens.

325 2807 376 2868 Ab
396 2809 537 2890 Augusto
556 2811 589 2868 in
607 2809 831 2872 Nouembrem.

403 2922 474 2985 681.
508 2923 548 2984 A.
577 2922 613 2983 P.
643 2923 846 3000 nidulens.

325 3035 514 3096 Tomentum
550 3035 623 3116 pilei
662 3035 894 3108 mollissimum,
938 3033 977 3095 sd
1009 3049 1122 3096 tectum
1160 3035 1339 3096 velutinuur.

324 3145 463 3211 Praefert
483 3152 603 3231 species
624 3147 747 3230 elegans
767 3163 894 3210 truncos
914 3151 1017 3230 piceos
1034 3163 1066 3210 et
1081 3145 1226 3207 abietiuos
1240 3146 1342 3226 (Lob-

324 3257 460 3340 gruben3
492 3254 660 3349 Quizdorj}
690 3260 766 3322 Seer
787 3256 985 3329 Steinbr·uch,·
1014 3259 1229 3341 Eulenrunld):
1264 3274 1342 3322 alta·

324 3393 398 3434 men
417 3393 475 3434 nec
496 3373 574 3436 elios
593 3391 721 3456 prorsus
740 3379 860 3455 respuit
881 3375 1023 3452 (inventu
1043 3395 1117 3435 v.·c.
1140 3379 1171 3436 in
1190 3370 1343 3434 Serbo-

273 3524 279 3530 -
328 3483 489 3546 Trebusser
506 3485 626 3567 Allec).
657 3488 782 3548 Parcior
801 3506 910 3560 verne,
932 3486 1048 3567 Aprili,
1070 3487 1172 3548 Melo:
1194 3486 1340 3569 frequen-

310 3597 388 3659 ‘tior
407 3599 605 3674 autumnalis,
627 3598 819 3682 Septembri,
844 3598 988 3660 Octobri.

404 3709 474 3772 682.
507 3712 547 3774 A.
576 3713 611 3779 P.
642 3711 865 3774 verlebilis.

601 3845 633 3896 α,
650 3826 789 3906 uulgaris

327 3933 427 3996 Pileur
455 3951 597 4013 tomento
625 3937 756 3999 candido
780 3937 849 3998 lero
878 3935 1075 4000 subdeterslli
1102 3935 1248 4010 indutus,
1284 3934 1340 3995 de·

325 4067 409 4108 mum
429 4047 521 4112 laevis
540 4050 675 4132 patiens,
705 4047 884 4136 ειιόειιυιιὶιὶΙ
897 4049 1022 4112 humidi
1041 4049 1137 4112 molli.
1180 4048 1340 4110 Lemelloe

318 4143 363 4222 'ex
382 4159 460 4242 elbo
474 4161 598 4248 tandein
618 4167 755 4246 griseae,
786 4163 914 4245 pulvere
940 4136 1130 4248 spennnuco‘
1143 4161 1339 4245 rubiginoso·

324 4271 395 4336 rufo
425 4293 623 4356 conspersae.
680 4277 878 4358 Pervulgetus
911 4275 990 4338 locis
1016 4275 1168 4358 sylvaticis
1195 4274 1264 4337 udis
1293 4289 1341 4337 est
1470 4313 1472 4318 ·

326 4374 561 4468 iungillus,'ubi
581 4393 614 4446 in
633 4391 725 4450 retnis
741 4387 890 4470 dejectis,
912 4387 1089 4470 stipitibus,
1109 4392 1241 4462 muscis,
1261 4387 1341 4450 silis·

325 4517 363 4558 ve
384 4497 554 4582 quisquiliis
575 4505 774 4581 peresitrtur,
799 4506 897 4564 retius
917 4501 983 4565 solo
1002 4501 1089 4564 nudo
1110 4500 1260 4564 umbroso
1280 4503 1341 4582 ipsi
