3528 5482
738 689 917 708 ---
1285 656 1325 726 35

309 834 401 908 brae,
423 812 594 916 gibbosas,
614 831 783 924 admodum
803 835 975 918 regulares:
998 835 1100 896 ostioli
1119 839 1232 921 papilla
1253 862 1325 900 acri·

310 947 447 1008 rinscala.
496 948 579 1007 Hinc
598 961 631 1007 et
650 945 691 1008 ob
713 945 847 1010 crustam
873 967 1105 1030 nonnumquam
1126 953 1323 1014 chiemseen-

311 1067 372 1128 te'm
397 1075 512 1148 ¹nostra
542 1058 673 1150 fersitan
699 1060 882 1122 intermedia
906 1063 988 1122 iuter
1017 1057 1264 1145 S.,byssisedem
1291 1080 1333 1127 et·

311 1174 461 1238 chaeream
487 1171 698 1234 existimanda.
753 1173 832 1234 Hah.
860 1178 983 1254 species
1009 1173 1133 1255 elegans
1159 1175 1199 1238 sd
1216 1195 1323 1242 ramos

312 1289 428 1360 varios,
467 1283 578 1345 Selleis
609 1283 749 1365 Capreae
777 1299 859 1346 ete:
895 1287 953 1348 sed
983 1283 1131 1346 abietinas
1156 1291 1323 1371 pineosque

311 1372 484 1480 praearmat,
506 1395 671 1479 in'quibus
692 1401 825 1480 cepiose
845 1402 981 1460 occurrit
1000 1415 1148 1462 autumno
1170 1400 1259 1462 tardo
1285 1421 1323 1463 re

311 1512 449 1591 inprimis
470 1531 553 1572 vere.

393 1623 459 1684 105.
493 1626 524 1684 S.
552 1628 748 1686 curantia.

312 1735 501 1817 Sphaeralae
527 1737 679 1798 centrales
705 1751 791 1804 arcte
810 1753 997 1820 congestae,
1035 1738 1214 1820 marginales
1235 1756 1323 1820 spar-

311 1867 382 1924 sae:
404 1849 617 1910 adolescentes
636 1849 765 1930 palatini
788 1849 878 1910 fluxili
901 1865 1042 1933 turgent,
1073 1871 1151 1933 qliae
1178 1850 1250 1913 dein
1271 1872 1323 1912 ca·

310 1961 418 2042 psulae
452 1965 617 2022 etiamnum
654 1939 771 2024 inclusa
797 1966 830 2022 in
856 1983 987 2026 massam
1023 1962 1122 2024 albam
1150 1961 1323 2026 farinaceu-

311 2074 458 2140 viscidasn
485 2089 697 2136 maturescens
724 2074 800 2134 abit.
826 2076 949 2136 .Farini
976 2075 1033 2137 isti
1054 2075 1231 2156 sphaerulas
1250 2075 1323 2136 alias

313 2199 390 2247 totas
410 2185 541 2262 ineram
574 2185 647 2246 alias
674 2183 734 2266 jam
754 2201 914 2248 evacuatas
934 2187 995 2248 villi
1013 2187 1053 2248 ad
1073 2192 1168 2250 instar
1189 2172 1323 2248 cerona-

313 2314 358 2362 tas
393 2297 666 2379 deprehendimus.
729 2297 847 2358 ostiola
884 2299 1008 2362 diuum
1042 2319 1137 2380 saepe
1171 2297 1321 2374 colorata,
1382 2277 1385 2288 ¹

312 2410 534 2492 subpellucida.
592 2411 775 2472 Parasitatur
808 2415 932 2472 minime
959 2431 1027 2472 rara
1052 2431 1122 2472 mox
1146 2415 1179 2470 in
1203 2410 1322 2470 Boleris

312 2521 508 2602 (versicolore
537 2523 618 2602 ete.)
651 2541 720 2583 mox
744 2528 776 2583 in
809 2521 922 2584 Stereis
956 2522 1159 2606 Cortitiirque
1191 2527 1321 2588 vetustis

311 2615 556 2699 semidestnictis
576 2636 847 2712 aunonensem,
881 2641 994 2718 pineus
1019 2649 1081 2698 etc.
1103 2634 1320 2698 incolentibus.

193 2771 211 2791 ·‘
311 2749 480 2811 Perennis:
499 2746 604 2830 junior
623 2768 694 2810 sero
713 2763 879 2823 retamim,
900 2748 1009 2810 fertilis
1028 2769 1101 2810 vere
1121 2763 1153 2808 et
1171 2763 1300 2810 aestate.

394 2861 459 2922 106.
494 2863 523 2922 S.
549 2857 703 2924 resella
727 2881 855 2924 noers.
1337 2861 1459 2912 Tib-Vll

312 2973 347 3036 S·
376 2969 534 3062 conserta,
568 2975 734 3058 sphaerulis
761 2999 777 3036 e
803 2971 928 3055 globoso
963 2971 1035 3036 dein
1060 2975 1159 3033 euntis
1184 2989 1321 3064 saturare
1368 2959 1388 3008 f·
1404 2971 1427 3017 ⁵·

312 3089 405 3148 reseis
429 3087 609 3170 papilione,
643 3104 762 3148 crustae
788 3103 972 3148 rememorat
1005 3085 1147 3160 raseline,
1181 3087 1321 3167 margine

312 3201 434 3274 niveae,
455 3198 659 3261 insidentibus.

370 3313 504 3388 Habita,
527 3314 629 3376 crusti
651 3314 843 3388 tementosi,
873 3312 1104 3395 sphaerularum
1124 3315 1184 3372 situ
1203 3311 1321 3373 adulta·

309 3445 441 3508 rumque
467 3426 566 3488 lorini
593 3459 636 3474 -
661 3431 802 3508 congruit
828 3403 899 3486 cuin
928 3423 1154 3506 praecedente:
1188 3437 1323 3485 attamen

310 3537 360 3598 rel
379 3538 611 3621 celorisipsius
630 3539 806 3602 alienissimi
825 3537 933 3600 mussi
949 3557 1040 3618 quam
1056 3535 1147 3616 digna
1164 3539 1220 3608 sit,
1243 3555 1321 3618 quae

311 3668 490 3732 separetur,
515 3673 610 3716 nemo
629 3675 696 3714 non
714 3653 809 3714 videt.
853 3649 965 3712 crusta
985 3669 1004 3710 e
1024 3663 1166 3742 tomento
1187 3646 1320 3709 delicato

311 3763 465 3839 conflata,
496 3765 590 3828 larius
608 3770 696 3828 initio
718 3781 879 3839 contexta,
913 3762 1145 3836 candidissima,
1181 3759 1322 3820 colorem

310 3877 464 3957 paullatim
484 3881 516 3938 in
536 3893 646 3940 centro
666 3877 765 3938 induit
783 3882 990 3948 incertarum
1025 3871 1192 3954 superficie
1213 3875 1322 3932 etiem-

311 4007 384 4049 num
404 3989 517 4062 sterili,
548 3991 605 4054 sed
633 3989 861 4074 sphaerulnrinn
881 3988 983 4070 paullo
1004 4001 1080 4066 post
1099 3987 1321 4065 emergentium
1400 3977 1404 3982 ’

309 4089 481 4182 priniordia
505 4101 625 4184 jarnjem
652 4106 867 4164 mmunciante.
916 4101 994 4160 Sunt
1018 4097 1076 4158 hae
1103 4117 1163 4178 per
1189 4110 1323 4157 aetatem

310 4212 477 4276 infantilem
504 4214 654 4297 globosae
665 4231 683 4288 ‚‘
710 4213 923 4286 mollissime,
959 4210 1170 4292 pellucentes,
1205 4228 1320 4290 aquosa

310 4327 459 4408 pallidae,
487 4305 638 4390 vesiculas
665 4345 778 4408 aqueas
798 4339 903 4386 exacte
923 4323 1110 4384 relerentes:
1138 4320 1321 4382 adolescen-

311 4453 360 4502 tes
372 4437 471 4514 dein,
504 4439 579 4502 dum
599 4439 737 4500 ostiolum
758 4437 904 4500 obtimum
925 4435 1160 4500 crassiusculum
1180 4453 1252 4496 cum
1271 4452 1322 4496 se·
