3518 5486
429 717 465 784 X

430 935 509 988 tem
536 930 704 1009 receptas
731 913 828 986 alise
856 937 1009 1010 quoque
1036 913 1137 984 baud
1162 935 1301 1009 paucae
1316 913 1448 986 etiam·

430 1075 526 1124 num
553 1029 774 1150 ambigube,
809 1051 977 1122 necdum
1013 1047 1164 1122 affatim
1194 1049 1447 1124 examinatae:

431 1212 593 1284 querum
612 1205 741 1260 tamen
756 1187 926 1283 potiores
942 1209 1044 1280 pone
1060 1209 1195 1284 genera
1213 1209 1282 1260 sua
1301 1187 1450 1259 succin-

430 1341 493 1398 cto
513 1349 690 1400 sermone
713 1344 1012 1430 commemorare
1047 1345 1136 1394 eum
1158 1321 1378 1420 praesertim
1404 1323 1448 1392 in

430 1459 554 1534 finem
572 1460 837 1548 instituimus,
873 1477 917 1530 ut
942 1459 1115 1531 ulteriori
1139 1484 1265 1532 earum
1292 1459 1451 1532 investi·

430 1597 580 1696 getioni
595 1597 668 1668 iter
683 1597 923 1704 aliquitenus
941 1596 1179 1690 panderetur.
1217 1601 1351 1692 Neque
1368 1620 1449 1692 par·

432 1735 574 1806 ciorem
603 1732 832 1805 varietatum
866 1732 907 1803 in
942 1733 982 1804 eir
1006 1731 1228 1830 praeprimis
1257 1731 1448 1829 vegetabi-

431 1869 530 1941 lium
545 1871 685 1964 classe,
714 1893 829 1964 quam
847 1887 1007 1942 naturae
1028 1867 1178 1942 lusibus
1197 1871 1313 1967 longe
1330 1869 1449 1940 licen·

431 2005 591 2079 tissimis
618 2023 745 2106 petere
769 2005 871 2078 inter
900 2029 1035 2080 omnes
1063 2022 1272 2094 constaret,
1318 2025 1448 2077 curam

430 2143 636 2244 gerendam
667 2142 866 2215 duximus:
906 2166 926 2214 e
955 2143 1097 2240 quibua
1127 2166 1251 2214 novas
1283 2159 1447 2231 nostras,

431 2304 509 2376 quo
532 2277 687 2351 facilius
704 2303 723 2350 a
740 2278 876 2374 priscis
901 2296 1187 2350 antecessorum
1214 2279 1324 2372 operi
1348 2277 1450 2350 dete·

431 2415 504 2486 ctis
529 2414 875 2512 distinguerentur,
910 2413 1034 2486 literis
1069 2413 1212 2512 graecis
1242 2414 1448 2507 duplicatis

431 2550 631 2648 designare
653 2550 809 2647 placuit
863 2555 1007 2622 Totum
1030 2549 1197 2648 denique
1220 2549 1365 2644 librum
1383 2575 1446 2624 an·

429 2653 712 2760 notatiunculis
747 2685 1079 2782 qualibuscunque
1103 2711 1124 2760 e
1152 2705 1309 2758 naturae
1332 2687 1446 2759 vivae

431 2822 698 2896 observatione
720 2823 899 2897 oriundis
924 2839 1035 2920 atque
1059 2825 1106 2896 ad
1125 2823 1340 2896 uberiorem
1358 2821 1445 2896 fun·

368 3052 373 3063 Ι
430 2981 568 3058 gerum
585 2960 767 3033 notitiam
783 2959 1065 3056 pertinentibus
1086 2983 1334 3058 conspergere
1352 2977 1445 3033 sate·

431 3095 569 3196 gimus.
628 3095 765 3168 Paucis
787 3099 925 3170 borum
962 3095 1004 3168 in
1030 3101 1184 3196 speopsi
1207 3119 1289 3168 non
1317 3094 1444 3169 obviis

429 3233 681 3304 inventorum
700 3232 861 3305 nomina
880 3231 1022 3322 adjectu
1043 3232 1297 3328 reperientur:
1327 3233 1444 3328 longe

428 3367 586 3464 plurimi
605 3393 625 3439 a
643 3367 690 3438 cl.
710 3371 898 3440 Persoonio
923 3367 1062 3463 recepti
1086 3369 1183 3441 locis
1202 3367 1281 3440 suis
1303 3368 1444 3464 absque

428 3503 511 3575 ullo
527 3503 813 3578 additamento
844 3503 1021 3598 dispositi
1046 3521 1147 3576 sunt.
1215 3509 1320 3576 Inter
1347 3527 1443 3601 quos

427 3639 614 3712 nonnulli
641 3657 851 3712 occurrunt
884 3641 1067 3712 hactenus
1101 3639 1262 3728 exotici,
1298 3641 1443 3740 anglici,

426 3777 570 3876 gallici,
597 3777 674 3846 itali
681 3804 694 3848 .·
727 3778 857 3872 plures
880 3772 1206 3876 ruellenburgenses
1229 3791 1443 3848 memoratu

428 3911 559 4010 digni,
584 3913 821 4012 Epichysium
837 3929 1068 4012 argenteum,
1096 3911 1373 4010 Cirordostylum
1386 3935 1443 3982 cu·

425 4047 573 4141 pillare,
615 4047 808 4144 Sphaeriae
839 4048 964 4120 variae
998 4065 1088 4120 etur
1133 4071 1175 4120 ao
1208 4047 1442 4146 insigniores

427 4183 648 4276 praesertim
673 4183 903 4273 carbrtlrinci,
937 4185 1158 4258 Germaniae
1185 4189 1252 4276 (ut
1268 4182 1443 4270 videtur)

427 4319 662 4392 australioris
680 4337 717 4391 et
736 4319 934 4392 orientalis
957 4336 1178 4406 sectatores,
1205 4343 1242 4390 v.
1260 4343 1290 4390 c.
1309 4319 1440 4391 euva-

426 4457 480 4524 ria
497 4457 634 4552 crispo,
663 4455 844 4556 Hydnum
864 4455 1089 4544 suaveolens,
1117 4459 1241 4528 Perua
1261 4453 1441 4554 NigreHa,
