3574 5486
743 703 919 720 ---
1279 666 1334 730 183

319 848 544 912 decurrentibus
573 847 666 920 albis,
703 850 804 928 stipite
837 847 986 908 mediocri
1014 845 1110 908 solido
1144 845 1332 930 sqnnmuloro

319 962 490 1048 cylindrico
510 951 590 1044 plico
612 961 779 1020 rosscelon.

397 1073 542 1156 ambigui
570 1071 754 1156 aliquamdiu
774 1071 950 1146 haesimus,
979 1091 1058 1133 aune
1087 1071 1198 1153 fungus
1225 1087 1334 1132 noster

320 1207 391 1248 cum
415 1187 450 1246 G.
473 1183 574 1244 iunirle
593 1201 646 1246 aut
660 1185 696 1246 G.
720 1157 848 1244 Russuiri
868 1185 1019 1268 (Synops.
1042 1184 1083 1244 11.
1106 1206 1141 1264 p.
1162 1181 1233 1244 538.
1254 1180 1333 1265 339)
1408 1212 1410 1222 ·

247 1325 254 1338 ·
321 1297 553 1380 conjungendus
574 1297 680 1360 esset?
697 1295 759 1360 sed
782 1317 877 1378 quum
897 1317 967 1356 eum
989 1300 1109 1358 socium
1130 1295 1258 1358 funibus
1278 1317 1334 1358 nn-

320 1409 425 1470 turalis
444 1410 542 1471 modo
565 1412 658 1488 (NN.
681 1407 882 1506 5257-526)
902 1411 1073 1468 recensitae
1089 1428 1176 1481 esse,
1199 1409 1334 1472 lamellae

321 1541 392 1584 cum
415 1537 480 1582 toto
501 1523 606 1583 habitu
627 1522 786 1582 evidenter
805 1521 1073 1593 demonstrarent,
1095 1541 1156 1582 neo
1178 1521 1335 1582 Russnlnm

320 1634 473 1695 ullatenus
499 1633 647 1707 referret,
677 1635 935 1713 oliaraoteresque
961 1647 1122 1712 praeterea
1140 1633 1189 1694 alii
1211 1655 1335 1716 quoque

218 1736 223 1745 ¹
322 1745 499 1820 obstarent,
526 1751 674 1826 propriae
695 1749 814 1826 speciei
833 1746 904 1805 loco
926 1765 1013 1818 euru,
1045 1747 1332 1833 tantisper'saltem,

320 1879 501 1940 proponere
528 1863 623 1918 satius
650 1858 800 1920 dussimus.
864 1856 964 1917 Piieus
999 1855 1116 1936 t}-3
1141 1879 1214 1920 unc.
1244 1859 1333 1934 latus,

322 1969 446 2030 deinum
473 1975 608 2050 margine
635 1969 761 2029 evoluto
789 1968 875 2029 nudo
905 1967 1014 2049 planus
1036 1970 1084 2030 vel
1105 1977 1360 2053 nonnumquam

321 2083 521 2163 inaequaliter
541 2081 785 2162 subdepressus,
811 2080 979 2161 squamulis
1000 2081 1173 2159 (interdum
1194 2087 1225 2142 in
1246 2090 1335 2148 strias

322 2194 563 2274 subdispositis)
585 2198 750 2274 purpureis
772 2193 857 2258 disco
878 2197 997 2272 pictus,
1021 2199 1156 2276 margine
1177 2197 1335 2260 candidus.

323 2307 482 2368 Lameline
501 2306 639 2385 ejusdem
660 2309 784 2385 utique,
806 2325 843 2364 ao
863 2309 895 2362 in
911 2305 1184 2380 antecedentibus,
1207 2307 1333 2382 formae,

321 2421 415 2490 situs,
439 2407 593 2478 tenuitatis
614 2432 698 2488 etost
726 2417 829 2488 albae,
863 2417 986 2477 demum
1008 2419 1209 2500 quandoque,
1234 2425 1335 2502 inpri-

321 2535 379 2592 mis
401 2535 553 2612 margine,
576 2545 848 2610 purpurascentes.
894 2527 994 2609 Stipes
1015 2549 1034 2590 a
1055 2536 1160 2592 uncias
1181 2530 1245 2592 fere
1266 2533 1336 2592 lon-

320 2637 546 2726 gus,bs61in.
571 2661 711 2714 crassus,
742 2641 879 2713 solidus,
909 2657 1009 2716 teres,
1037 2641 1142 2717 albus,
1169 2646 1335 2726 squatnulis

322 2759 425 2834 parvis
447 2757 612 2835 purpureis
627 2753 807 2834 vaiiagutus,
830 2754 944 2812 annulo
961 2753 1099 2834 ejusdem
1118 2756 1231 2817 coloris
1245 2762 1334 2838 apice

322 2865 398 2925 inl'ra
418 2866 550 2926 lamellas
571 2885 664 2946 saepe
685 2868 799 2944 pictus.
843 2867 988 2926 Occurrit
1010 2871 1132 2946 species
1153 2868 1284 2949 pulchra
1304 2873 1336 2930 irt

322 2977 474 3058 sylvaticis
495 2977 634 3047 abietipis
656 2955 809 3039 umbrosis
830 2981 982 3038 muscosis
1003 2979 1235 3058 (annlthttgels
1258 2980 1333 3042 soa-

322 3087 434 3152 lanelen
456 3090 540 3169 Berg
574 3089 691 3171 aliquot
721 3089 799 3150 locis
828 3109 936 3170 greges
965 3094 1105 3172 ingentes
1133 3091 1332 3174 ell'ormaus).

322 3201 384 3261 Sub
404 3199 497 3278 linem
519 3202 711 3282 Septembris
731 3217 764 3261 et
783 3207 952 3283 praecipue
974 3203 1118 3264 Octobri.

398 3313 469 3372 528.
504 3313 542 3372 Α.
571 3313 610 3370 G.
639 3318 839 3376 sericeas.

323 3422 451 3484 Stntnrn
472 3429 503 3484 in
523 3429 640 3486 nostris
660 3425 698 3484 ab
720 3431 805 3486 omni
824 3441 913 3506 parte
927 3427 1081 3508 aliquanto
1098 3431 1215 3500 minor;
1237 3427 1333 3510 pileus
1439 3445 1452 3458 ··

321 3537 449 3597 uncialis
470 3535 535 3598 iere
556 3551 617 3598 etc.
661 3536 759 3596 Color
778 3538 852 3618 pilei
871 3543 959 3598 initio
980 3538 1148 3612 candidus,
1176 3540 1249 3600 dein
1268 3541 1334 3621 p'al-

321 3647 444 3712 lescens
463 3664 515 3710 aut
535 3647 777 3710 subflavescens.
807 3650 965 3713 Lemellnc
985 3671 1021 3710 ex
1035 3643 1193 3710 incarnato
1208 3651 1334 3712 desitum

321 3764 449 3838 opacius
476 3759 598 3820 rubrae.
648 3759 749 3841 Stipes
774 3781 846 3825 inor
873 3759 991 3823 fibrillis
1015 3762 1149 3835 obsitus,
1179 3782 1251 3822 utox
1271 3763 1332 3824 lae-

321 3869 487 3932 viusculus.
539 3874 684 3933 Nascitur
704 3877 737 3932 in
760 3877 938 3954 gramineis,
969 3878 1120 3944 versuris,
1151 3879 1247 3954 pratis
1269 3889 1330 3936 etc.

321 3981 554 4044 ltuntidiusculis
575 3985 729 4048 umbrosis
749 3988 924 4066 apricisque
945 3986 986 4063 (v.
1002 4005 1031 4046 o.
1049 3984 1122 4044 Secr
1137 3983 1331 4055 Steinbruch,·

280 4091 284 4098 ¹
322 4091 514 4164 Edeilsnnbe,·
536 4095 740 4176 Lohgruben)
761 4097 945 4170 hincinde,
967 4097 1021 4160 sed
1044 4117 1152 4180 parum
1174 4095 1331 4180 frequens.

197 4207 202 4214 '
271 4287 276 4294 .
322 4205 463 4286 Augusto
484 4222 517 4266 et
536 4227 625 4288 seqq.
