3582 5482
431 658 484 738 164

428 861 490 900 rem
518 837 697 930 glistinctunt
723 857 789 914 non
814 837 1093 902 animadvertimus.
1151 841 1189 902 In
1212 841 1308 922 sylvis
1328 859 1441 908 acero·

426 955 480 1027 sis,
502 955 779 1034 apprimo-pineis,
800 969 866 1012 tton
884 950 1065 1034 infrequens
1084 957 1240 1034 reperitur
1259 951 1364 1016 medio
1384 975 1440 1016 eu·

428 1077 546 1124 ttunno.

504 1174 573 1258 469.
608 1175 647 1236 lt.
680 1172 723 1236 G.
753 1177 938 1236 rimosus.

425 1287 524 1369 Magis
546 1307 564 1348 o
584 1286 737 1349 sententiti
760 1287 865 1347 nostri
885 1286 925 1346 ab
946 1289 1129 1368 insequente
1149 1285 1307 1369 discrepet
1327 1287 1438 1364 innui,

427 1414 625 1480 tegumento,
656 1399 784 1471 coloro,
813 1395 945 1474 staturi,
985 1419 1075 1480 quem
1104 1413 1138 1458 ut
1164 1405 1271 1480 specie
1299 1421 1370 1462 cum
1398 1423 1439 1464 oo

426 1511 608 1592 conjunctus
629 1531 789 1572 remanere
808 1514 920 1591 possit.
971 1511 1071 1572 Pileus
1095 1513 1285 1573 acutiusculc
1309 1517 1440 1576 conicut

424 1624 565 1696 lutescit,
587 1623 644 1686 sed
663 1623 723 1684 rull
744 1623 860 1685 coloris
880 1643 988 1705 perum
1009 1628 1041 1684 iu
1061 1627 1177 1686 nostris
1198 1624 1363 1686 adtuirtum
1384 1625 1439 1686 bs·

424 1736 496 1798 bot:
526 1741 609 1798 striis
637 1734 738 1816 paullo
761 1735 994 1798 obscurioribus
1014 1735 1275 1818 longitudirmliter
1294 1741 1437 1812 rimosus,

426 1863 564 1910 cetorum
584 1849 693 1920 nevis,
717 1852 791 1930 quin
810 1848 967 1931 glabellus.
1010 1848 1169 1908 Lcmellce
1184 1848 1372 1929 argillam,
1395 1853 1440 1910 ci-

424 1975 631 2022 nerescente·
645 1964 821 2056 pruirtettte:
855 1963 946 2042 stipes
972 1960 1114 2033 dilutior,
1143 1959 1274 2041 pallidus
1295 1961 1344 2022 vel
1362 1959 1439 2022 elbi-

425 2072 494 2135 dus.
537 2074 612 2134 Pilei
639 2093 744 2154 mergo
771 2072 852 2134 lteud
871 2093 942 2134 raro
964 2072 1034 2154 plus
1055 2076 1155 2134 minus
1175 2071 1309 2132 lobctus.
1352 2073 1439 2136 Loco

290 2213 293 2220 ·
423 2199 504 2246 ornat
529 2189 701 2265 graminoso
725 2185 947 2248 humidiuscule
974 2200 1136 2266 protorum
1163 2205 1262 2266 aeque
1282 2205 1318 2246 ec
1340 2185 1439 2267 sylve-

422 2317 509 2372 rum‚
538 2317 615 2379 quac
642 2301 767 2358 minime
794 2317 880 2358 retus
907 2301 1021 2377 possim
1051 2297 1125 2357 colit
1144 2302 1328 2378 preccocior
1347 2317 1437 2380 pree·

423 2415 528 2474 sertim
547 2443 588 2458 -
607 2431 625 2471 s
644 2411 736 2470 lunio
759 2413 790 2469 irt
810 2408 1002 2489 Septembris
1021 2406 1127 2468 linem.

501 2529 571 2602 47⁰·
604 2521 644 2582 A.
672 2522 712 2582 G.
740 2519 870 2582 violis.

421 2631 532 2697 illimis
553 2633 764 2715 quodantenus
787 2631 971 2694 Cortineriir
989 2633 1136 2690 naccinae
1149 2645 1181 2692 et
1201 2649 1366 2691 arcuatae.-
1387 2633 1438 2714 ju-

421 2749 491 2806 nior
510 2729 671 2807 menilotte
692 2765 787 2826 scope
814 2749 993 2806 cortinntus.
1037 2742 1138 2804 Pileus
1159 2743 1431 2826 hernisphrericus‚

422 2857 535 2919 obtuso
557 2872 588 2917 et
607 2856 749 2919 obsoleto
769 2855 974 2930 utubonetus,
997 2857 1070 2916 ltinc
1082 2857 1154 2916 lude
1171 2860 1320 2928 rimosus,
1344 2877 1440 2938 sque·

421 2973 479 3030 mis
500 2970 570 3049 plus
590 2973 690 3030 minus
711 2972 885 3051 squarrosis
907 2983 1020 3030 tectus.
1062 2967 1220 3028 Lamettae
1241 2987 1312 3028 cum
1333 2971 1437 3050 stipite
1530 3011 1537 3026 .

420 3083 507 3141 initio
536 3081 655 3142 elbidue
682 3081 818 3142 colorem
845 3081 1001 3162 paullatim
1029 3081 1103 3162 pilei
1123 3079 1265 3140 induunt.
1307 3079 1437 3142 Pervol-

420 3207 508 3274 getus
535 3191 587 3254 hic
616 3207 665 3255 est
692 3197 807 3254 vienun
834 3197 1016 3274 praesertim
1043 3198 1075 3252 in
1104 3195 1216 3273 pinetis
1236 3211 1434 3254 arenosorum

421 3305 561 3379 satelles,
589 3305 717 3387 glebulis
738 3304 797 3367 soli
818 3305 968 3380 sordens,
996 3325 1106 3386 parurn
1126 3319 1229 3388 gratus
1249 3310 1326 3367 visu.
1368 3305 1437 3366 Ae·

420 3433 500 3482 stete
520 3431 650 3479 exeunte
672 3433 704 3478 et
722 3433 876 3478 autumno.

497 3539 569 3610 47¹·
602 3532 642 3592 A.
672 3528 713 3589 G.
746 3535 950 3611 curvlpos.
1027 3565 1031 3574 .

419 3643 530 3702 Parum
550 3641 749 3704 succulentus
769 3657 837 3716 est,
865 3643 937 3705 inde
957 3645 1031 3704 setis
1051 3639 1103 3701 diu
1123 3639 1326 3702 asservabilis.
1370 3641 1441 3703 Stin

418 3774 470 3834 pes
490 3758 523 3814 in
541 3759 656 3816 nostris
677 3759 725 3816 vir
744 3755 913 3818 bulbosus:
944 3771 1064 3814 stature
1092 3753 1305 3833 descriptione
1334 3755 1433 3835 Syno-

419 3885 514 3948 pseos
540 3867 676 3952 undique
703 3867 799 3948 duplo
824 3865 889 3928 lere
909 3871 1030 3940 minor,
1064 3864 1194 3926 cnloco
1215 3863 1322 3926 lorstm
1341 3865 1432 3928 nanti

419 3983 579 4040 macriore.
632 3981 708 4040 Nou
743 3983 823 4040 cuim
860 3981 919 4040 nisi
948 3981 980 4038 ln
1008 3981 1125 4038 truncis
1158 3980 1311 4058 remisque
1338 3977 1433 4040 aridis

419 4095 569 4152 emortuis
599 4091 698 4180 Rosos
726 4093 855 4150 caninae
884 4091 1035 4152 ltactenus
1059 4089 1223 4171 aliquoties
1257 4089 1431 4167 (Thimen-

419 4197 510 4290 rlorft
539 4201 771 4284 lt'ttcltenuiese)
798 4201 927 4264 anobis
948 4207 1110 4274 inventus,
1138 4217 1171 4263 et
1190 4205 1280 4264 veriit
1307 4203 1431 4286 quidem

417 4319 489 4376 suni
510 4315 702 4398 temporibus
720 4347 761 4364 -
778 4317 880 4390 bitrio,
902 4315 1004 4390 tutto,
1027 4313 1172 4376 Octobri.
