3468 5486
1236 575 1242 626 l

261 873 321 960 que
356 881 525 960 giganteam
560 877 826 956 4-6uncialem,
863 879 1012 962 hymerio
1038 899 1057 942 r
1080 881 1277 962 receptaculo

259 989 400 1052 facillime
422 991 616 1054 discedente.
664 993 743 1053 Esse
764 990 846 1052 lianc
868 992 904 1052 P.
927 993 1121 1052 vesiculoscm
1142 989 1275 1054 Soceri.

260 1101 415 1186 (Synops.
438 1126 472 1184 p.
494 1103 571 1182 641)
593 1104 642 1165 vin
662 1103 858 1165 dubitamus:
880 1104 937 1166 sed
958 1104 1219 1188 ‹linguosisfirrna
1232 1111 1278 1166 in-

259 1229 308 1276 ter
328 1235 395 1276 eam
417 1231 449 1274 et
470 1239 503 1288 a,
532 1215 699 1276 intercedit
724 1216 814 1276 nulla.
836 1247 878 1262 -
897 1217 1020 1279 Crescit
1041 1241 1073 1292 a,
1095 1224 1278 1299 praesertim

261 1329 412 1397 terrestris
438 1334 510 1388 aire
538 1327 644 1410 pluvio
666 1333 780 1409 passim
801 1326 965 1410 frequens:
993 1326 1054 1407 ββ,
1077 1331 1277 1412 utplurimum

254 1433 420 1526 simerorr'o
439 1440 563 1518 (Cauca
584 1433 780 1527 Irinlsendors
796 1443 983 1522 etc.),post
1008 1441 1134 1505 imbres.
1182 1443 1274 1504 Utra-

260 1571 321 1634 que
342 1573 415 1614 vere
435 1567 468 1614 et
486 1567 646 1614 autumno.
695 1573 749 1634 γγ,
771 1556 872 1614 minor
888 1529 1014 1614 ¹lirmior
1034 1558 1168 1620 crassior
1186 1573 1277 1636 regu-

258 1662 347 1737 laris,
376 1679 462 1728 eram
489 1666 656 1748 aequaliter
682 1665 845 1738 undulata,
875 1665 972 1728 semel
993 1668 1124 1747 epigneo
1143 1667 1224 1730 lecta
1244 1671 1276 1728 in

259 1781 414 1840 muscosis
435 1778 615 1856 (llloltolzer
629 1775 761 1857 Heide).
803 1777 944 1840 Finiente
963 1777 1089 1838 Martio.

337 1889 408 1972 931.
442 1893 477 1952 P.
506 1889 636 1952 saara.
735 1871 737 1876 ’

536 2025 568 2076 α,
593 2005 742 2062 terrestris

257 2113 442 2196 Regularior
461 2115 739 2196 praecedentibus,
760 2116 887 2178 uncialis
907 2116 992 2192 lere,
1013 2107 1150 2200 margine
1163 2138 1276 2202 seque·

259 2226 328 2288 liter
348 2228 503 2302 involuta,
533 2244 619 2292 extus
646 2229 819 2292 olivascens
839 2228 1138 2312 albidoqsruinats,
1166 2251 1275 2312 parurn
1367 2249 1371 2257 ·

257 2340 412 2402 lacunosa.
461 2341 587 2402 Parcior
613 2347 645 2403 in
674 2337 871 2404 terrestribus
896 2341 1127 2417 suburnbrosis,
1156 2343 1274 2407 adustis

129 2482 134 2493 ·
258 2468 320 2515 etc.
349 2453 424 2514 ltine
450 2453 532 2514 illinc
560 2455 609 2531 (v.
632 2475 660 2516 c.
689 2455 763 2516 Scor
792 2452 993 2534 Lohgrubena
1011 2433 1274 2538 'Schdpswierew

259 2579 442 2648 tempestate
462 2567 621 2628 humente.
663 2569 741 2630 Sero
761 2581 909 2630 autumno
930 2567 1097 2649 primoque
1117 2587 1201 2632 vere.

337 2677 407 2760 932·
442 2680 478 2740 P.
504 2684 616 2742 veria
645 2679 771 2740 liedw.

533 2791 594 2870 ββ,
615 2793 732 2874 pollens

258 2905 415 2966 Convenit
426 2919 534 2968 nostra
548 2925 619 2966 cum
635 2903 842 2984 Hedwigiami
859 2905 970 2982 (Mose.
982 2898 1092 2992 fronti.
1106 2903 1150 2966 11.
1172 2923 1206 2986 p.
1223 2921 1271 2964 rs.

258 3016 322 3078 tab.
344 3017 400 3078 Vl.
422 3019 486 3096 D.)
514 3019 648 3090 staturi,
676 3014 931 3098 lonni,‘stipite
960 3018 1011 3096 (in
1036 3016 1144 3078 nostri
1172 3030 1274 3078 tamen

258 3132 353 3210 iungis
379 3149 417 3190 ec
445 3129 580 3210 plmies)
609 3129 936 3204 sulcato-lacunoso,
966 3127 1135 3192 substantii
1156 3129 1275 3190 cartila-

257 3243 345 3322 ginell
373 3243 517 3324 (tenui),
545 3257 705 3324 tempore,
735 3243 948 3326 quadamtenus
974 3256 1007 3304 et
1034 3241 1117 3302 loco.
1159 3238 1275 3300 Dtiiert

254 3339 367 3416 'colore
390 3371 456 3416 toto
476 3355 548 3420 albo
560 3391 576 3404 ·
588 3361 775 3430 seniciaco,
806 3358 912 3437 stipite
931 3349 1092 3436 constante
1112 3373 1150 3414 ac
1169 3353 1273 3434 paullo

257 3467 414 3550 longiore,
438 3467 554 3531 furfure
575 3469 707 3552 quodam
728 3467 921 3550 substrigoso
940 3470 1123 3548 praesertim
1142 3471 1273 3527 circum·

256 3581 412 3664 marginali
427 3557 505 3641 vde'in
525 3595 750 3654 evanescente,
779 3583 917 3660 margine
943 3578 1128 3640 subcrenato
1148 3577 1274 3640 demum

257 3696 364 3754 inciso.
407 3691 457 3752 An
479 3691 668 3772 separanda?
688 3695 730 3752 ita
750 3711 824 3754 sane
844 3689 977 3752 videtur.
1018 3691 1068 3748 An
1090 3688 1130 3750 ad
1151 3691 1187 3750 P.
1210 3689 1272 3750 lla·

256 3807 360 3886 pulam
382 3804 431 3866 vel
451 3825 568 3864 ceream
590 3803 827 3866 tmnslocauds?
857 3807 904 3864 vix
930 3807 1113 3884 parissimus.
1154 3802 1205 3862 Ab
1224 3804 1273 3861 in·

256 3922 351 3980 sectis
372 3917 460 3980 avide
481 3921 685 4000 conquiritur.
726 3919 873 3980 Nascitur
899 3935 984 3978 nunc
1007 3917 1135 3997 epigaea
1155 3918 1187 3975 in
1207 3934 1273 3974 am·

255 4030 388 4092 balacris
409 4029 573 4091 hortorum
593 4029 685 4092 nudis
706 4031 758 4109 (v.
782 4049 811 4090 c.
834 4028 909 4091 δια
926 4025 1174 4112 Scllossgorten)
1187 4047 1271 4088 nunc

256 4142 382 4226 epixylo
411 4146 518 4222 (extus
544 4147 640 4226 tnagis
668 4143 802 4204 l'at'lnose
821 4174 862 4188 -
882 4139 1097 4222 Euleawald):
1125 4155 1174 4202 ter
1196 4161 1272 4224 quit-

257 4273 341 4317 terve
362 4259 495 4318 invente.
536 4257 649 4318 lunio:
671 4261 782 4318 itermu
804 4251 989 4336 Septembri.
