3574 5486
427 638 431 646 ¹
442 620 500 665 202
862 635 1039 652 ··-=·-—

523 777 590 840 586.
617 779 660 840 Ἀ.
687 780 725 842 C.
754 780 943 842 limicola.
1049 837 1058 850 ,

716 914 749 964 α,
771 893 935 950 communis

715 1000 777 1078 ββ,
798 1001 1009 1085 platyphyllos

442 1112 601 1176 Lemellue
620 1109 744 1176 sordide
764 1113 888 1188 fuscae,
916 1119 948 1174 in
969 1136 1002 1188 α,
1024 1112 1149 1176 modice
1171 1114 1266 1190 latae,
1294 1129 1380 1176 totae
1398 1116 1453 1178 ad-

440 1247 547 1288 nexae.
589 1227 735 1287 Nascitur
762 1248 794 1300 a,
821 1231 918 1288 rarius
945 1229 978 1285 in
1003 1223 1097 1299 limo,
1125 1225 1316 1308 frequentius
1336 1233 1368 1286 in
1387 1248 1454 1310 gra-

442 1343 572 1400 minosis
592 1337 743 1398 fertilibus
764 1336 997 1412 subumbrosis,
1020 1337 1204 1418 quandoque
1225 1343 1314 1398 etiarn
1335 1343 1368 1398 in
1386 1339 1454 1400 udis

370 1457 381 1474 ·’
441 1453 611 1522 muscosis,
633 1451 744 1530 stipite
758 1463 822 1508 tum
840 1449 880 1508 ed
900 1448 1001 1526 4-5
1021 1467 1094 1510 unc.
1111 1449 1194 1509 haud
1209 1469 1279 1510 raro
1295 1465 1453 1530 protenso.

442 1561 526 1622 Huic
546 1559 652 1622 similis
671 1557 733 1636 ββ,
756 1560 858 1641 quoad
876 1559 950 1640 pilei
970 1558 1126 1633 colorem,
1149 1560 1367 1634 substantiam,
1387 1561 1453 1622 lor-

441 1691 523 1732 rnam
552 1687 632 1732 etc:
667 1672 724 1733 sed
760 1673 918 1754 discrepat
943 1675 1049 1753 stipite
1075 1672 1229 1733 mediocri
1257 1674 1406 1754 (sesqui·
1425 1691 1451 1734 s.

441 1783 605 1864 biunciali)
626 1799 658 1845 et
677 1787 817 1864 inprimis
844 1782 971 1844 lamellis
998 1787 1183 1846 venuicosls
1210 1784 1297 1846 valde
1324 1787 1453 1866 amum-

441 1911 516 1956 nato
529 1895 682 1958 -aduaxis
710 1894 890 1968 subliberis,
925 1894 1012 1955 unde
1047 1909 1190 1976 separatu
1223 1895 1306 1956 haud
1331 1895 1453 1977 indigna

434 2008 575 2069 uidetur.
622 2009 750 2068 Parcior
778 2010 916 2069 occurrit
942 2005 1122 2084 (Mobolzer
1146 2005 1264 2074 Hairlcf
1296 2005 1453 2067 Trebusssr

444 2117 561 2187 Roscii.-
588 2123 671 2199 etc.)
698 2120 771 2181 loco
799 2135 832 2181 et
859 2134 1001 2200 tempore
1029 2109 1256 2200 congrtuslcusu
1277 2141 1322 2196 c„
1363 2121 1452 2202 Sept.

445 2233 520 2293 Oct.

521 2343 592 2424 587.
627 2343 666 2404 A.
698 2343 733 2406 C.
763 2346 953 2406 ericaaus.

443 2453 602 2517 Solitarius
630 2454 678 2522 vel
705 2455 958 2537 subcaespisosus
985 2455 1134 2536 frequens
1156 2452 1232 2514 hinc
1251 2454 1324 2518 inde
1344 2473 1455 2516 occurb

443 2571 484 2628 rit
507 2573 540 2631 in
566 2571 744 2648 pinastretis
772 2573 957 2650 ericetieque
982 2571 1118 2640 nostris,
1146 2570 1239 2627 etiam
1259 2567 1453 2630 siccioribus.

443 2679 581 2740 Excunte
600 2695 716 2742 nasute
737 2695 769 2742 et
786 2696 946 2742 suntiono.

522 2791 592 2852 588.
626 2791 665 2851 Α.
697 2792 734 2852 C.
761 2792 930 2854 nitidus.

444 2901 504 2962 Vix
535 2907 594 2964 nisi
627 2907 804 2965 sutietatem
838 2903 1055 2985 praecedentis
1088 2915 1243 2962 meretur:
1286 2903 1458 2983 specimina

444 3017 527 3076 cuitu
549 3015 652 3096 quoad
671 3015 823 3087 lamellas,
854 3015 991 3076 colorem
1019 3015 1213 3096 lonunuqne
1232 3011 1304 3094 pilai
1325 3028 1386 3074 etc.
1409 3017 1458 3074 ln·

446 3141 494 3188 tar
512 3141 678 3209 utrumque
697 3125 824 3209 fungum
845 3148 903 3208 per
922 3131 1023 3190 varios
1043 3125 1358 3208 gradusjtrruseuntis
1374 3123 1457 3186 haud

444 3257 512 3298 rara
531 3239 653 3300 adsunt.
696 3241 774 3300 Setis
793 3239 940 3320 frequens
960 3237 1052 3302 nobis
1078 3237 1158 3298 locis
1185 3237 1317 3308 adustis,
1345 3236 1457 3298 sterili·

445 3347 522 3424 bus,
551 3353 699 3424 ericosis,
735 3355 868 3410 tenuiter
894 3353 1074 3431 gramineus
1104 3349 1152 3425 (u.
1176 3368 1206 3410 c.
1233 3341 1458 3434 laslenderjer

446 3459 509 3520 ursel
530 3452 698 3522 Odernizer
719 3459 835 3530 Busclrs
862 3460 1021 3522 Mobolter
1047 3457 1199 3540 fluidas).
1228 3458 1457 3520 ,Anuoedenu

446 3573 701 3654 contemporalis.
1139 3545 1144 3558 ¹

524 3685 594 3766 589.
627 3685 668 3744 Α.
699 3681 737 3745 C.
768 3684 964 3748 titubans.

445 3795 570 3878 lluugus
590 3794 742 3878 pulcher,
764 3797 931 3872 delicatus,
953 3796 1040 3858 valde
1061 3795 1206 3858 titubans.
1249 3793 1350 3856 Pileus
1367 3795 1458 3854 visci·

445 3907 522 3984 dus,
552 3913 584 3970 in
604 3923 746 3970 centrum
766 3927 865 3992 usqua
891 3913 1033 3984 strictus,
1062 3909 1314 3971 merrrbransceus
1335 3907 1457 3986 (itaque

446 4037 551 4082 noune
571 4019 610 4080 ad
630 4025 801 4084 sectionem
821 4025 958 4102 priorem
979 4019 1273 4100 translucendusi),
1294 4021 1381 4078 initio
1403 4036 1458 4078 cc·

446 4133 519 4191 nico
531 4165 547 4178 ·
559 4132 808 4212 cstnpanulstus,
836 4132 961 4194 dunum
988 4133 1096 4214 plauus
1116 4147 1254 4194 rotatus:
1281 4129 1371 4190 disco
1392 4127 1457 4188 ela-

415 4225 552 4323 ’μυῖαι
571 4241 686 4316 llsvus,
715 4247 849 4326 margins
870 4261 903 4306 et
921 4245 1031 4310 subtus
1056 4247 1109 4323 (in
1138 4243 1284 4322 lamellis)
1303 4263 1322 4302 e
1343 4258 1456 4302 carneo

446 4353 519 4414 dein
546 4373 795 4438 purpuranum,
832 4357 957 4422 tandem
979 4355 1174 4422 luscescens.
1223 4353 1326 4434 Stipes
1350 4350 1454 4424 lustin
