3574 5486
487 805 557 851 trat.
601 788 703 872 Stipes
722 789 807 864 basi,
830 750 1019 870 praesertim¹
1033 795 1063 850 in
1085 790 1280 870 junioribus,
1303 815 1398 876 caepe
1417 799 1504 860 valde

488 917 604 977 tumet,
634 902 717 962 unde
743 903 782 962 ad
810 905 916 962 uncias
945 899 998 985 ΞΜ
1026 903 1098 964 dein
1126 903 1309 988 plerumque
1331 907 1501 996 elongatur.

488 1014 588 1074 Pileus
609 1018 701 1104 initio·
716 1017 850 1094 margine
880 1013 1079 1074 subinvoluto
1106 1015 1326 1097 ellipsoideus:
1359 1019 1432 1080 dein
1452 1043 1504 1082 ex·

431 1119 435 1126 ⁴
487 1143 556 1188 acte
586 1143 617 1188 ct
643 1129 848 1209 persistenter
876 1127 1117 1204 cernpanulatus.
1167 1127 1242 1206 Ejus
1271 1151 1351 1210 apex
1382 1135 1503 1194 intense

487 1243 574 1320 niger
602 1254 667 1312 est,
707 1238 790 1299 unde
822 1253 922 1298 aetate
953 1237 1054 1298 eduin
1083 1238 1168 1298 color
1194 1259 1302 1302 versus
1333 1246 1503 1322 marginem

487 1371 546 1432 per
566 1352 660 1412 livido
673 1384 688 1397 -
702 1349 880 1410 coeruleum
902 1348 1047 1410 tilbescit:
1069 1349 1160 1411 simili
1181 1351 1245 1414 l'ere
1265 1357 1384 1415 ratione
1404 1361 1502 1436 stipe-s

487 1467 578 1526 etiarn
600 1483 617 1522 ε
638 1465 806 1542 nigricante
828 1479 955 1522 'sursum
984 1461 1098 1542 pellere
1127 1463 1218 1524 solet.
1261 1465 1502 1530 Consenescena
1551 1465 1562 1483 '

486 1589 572 1636 totus
593 1574 704 1655 fungus
724 1572 827 1654 paullo
849 1573 972 1634 dilutior
991 1575 1103 1634 evadit.
1151 1577 1237 1636 Loca
1255 1592 1336 1638 nutet
1356 1580 1528 1642 uutbrow

485 1687 630 1760 humida,
664 1705 742 1768 quae
768 1690 883 1767 passim
904 1685 1000 1764 (Seer
1020 1685 1253 1765 Lehmgruben,·
1286 1689 1361 1748 lrclre
1382 1690 1501 1761 Lindee

484 1793 691 1884 intentiori·
724 1793 914 1884 Ullersdorf)
942 1800 1051 1858 incolit
1081 1798 1273 1871 Novembri,
1310 1803 1499 1866 Decembri:

484 1914 566 1976 unde
587 1916 677 1972 vitem
699 1929 758 1992 per
777 1909 920 1992 hyemem
941 1911 1076 1992 pluviam
1089 1925 1187 1972 totam
1202 1912 1383 1994 producent
1400 1921 1502 1976 etiam·

484 2047 558 2089 num
580 2029 733 2085 invenitur
753 2023 847 2084 Mart.
871 2024 950 2103 Apr.

562 2137 632 2217 549.
666 2137 705 2198 A.
732 2135 777 2195 M.
805 2134 986 2215 gelopus.

486 2247 586 2311 Pileus
607 2269 678 2310 cum
699 2245 826 2308 lamellis
853 2266 912 2327 pro
937 2246 1001 2307 loci
1021 2246 1198 2314 diversitate
1218 2247 1316 2309 modo
1336 2267 1497 2326 extumere,

483 2360 581 2422 modo
602 2365 671 2440 ipse
692 2380 818 2442 quoque
838 2359 909 2440 plus
929 2363 1030 2420 minuc
1050 2359 1241 2422 lactescens:
1264 2359 1331 2441 ejus
1352 2384 1432 2444 apex
1451 2367 1500 2424 ni·

484 2478 590 2557 gricet,
643 2473 774 2554 Vulgata
800 2471 893 2534 nobis
921 2475 1045 2553 species
1070 2491 1197 2534 muscos
1224 2479 1345 2554 appetit
1364 2475 1498 2548 altiores,

484 2590 625 2667 inprimis
653 2585 811 2668 Sphegna,
851 2585 962 2668 quibus
992 2582 1098 2644 radice
1125 2585 1265 2646 inliceret
1285 2585 1500 2649 ribo-vtuost
1552 2607 1556 2616 ⁴

485 2719 580 2780 saepe
600 2701 673 2760 satie
693 2698 796 2780 longi.
838 2697 876 2757 ln
896 2697 1048 2778 sylvaticie
1069 2696 1229 2778 uliginosis
1251 2697 1373 2778 ubique.
1415 2701 1499 2780 Sept.

486 2811 560 2872 Oct.

563 2921 632 2982 550.
666 2919 705 2982 Α.
734 2921 781 2982 M.
812 2919 1089 3014 lpaernatcput.

484 3033 691 3108 fasciculam,
720 3031 875 3114 stipitibus
896 3053 991 3114 saepe
1013 3033 1093 3111 (loci
1114 3033 1241 3114 caeresi)
1262 3037 1415 3107 incurvic3
1445 3034 1499 3096 ha·

485 3145 551 3208 bitu
595 3145 820 3227 crescendique
859 3145 956 3206 rnodo
992 3147 1038 3208 M.
1072 3144 1306 3225 gelent-elatem
1346 3145 1496 3210 referens.

488 3258 565 3320 Tota
586 3263 618 3318 in
637 3263 753 3320 nostris
774 3259 852 3334 (nec
873 3256 957 3338 pileo
978 3277 1038 3318 nec
1051 3256 1178 3319 lamellis
1194 3260 1353 3337 exceptis)
1370 3277 1498 3320 succum

485 3369 628 3432 crebrum
656 3373 775 3429 intense
804 3389 996 3450 purpureum
1022 3373 1151 3449 proruit.
1194 3367 1232 3428 In
1259 3374 1377 3431 truncia
1398 3374 1499 3450 putri·

485 3483 618 3544 dissimis
647 3479 784 3560 abiegnis
813 3483 878 3558 (vix
905 3480 989 3558 aliis)
1017 3481 1179 3560 aliquoties
1213 3479 1294 3542 lecta
1319 3481 1498 3560 (Mototeer

486 3593 588 3654 llnirle
607 3597 739 3676 pessinu
766 3590 903 3670 Treinlte)
924 3591 1002 3672 Aug.
1024 3594 1112 3672 Sept·

564 3705 632 3766 551.
666 3708 706 3766 A.
734 3705 782 3768 M,
811 3703 1023 3784 laevigata.

486 3817 586 3878 Pileus
605 3837 714 3897 parurn
734 3820 876 3888 strictus,
898 3819 1015 3876 vertice
1035 3815 1151 3876 obtuso
1172 3815 1421 3894 campanulatue,
1443 3810 1497 3900 415

483 3927 535 3988 lin.
563 3927 712 3988 diametro
739 3947 884 4010 aequans.
927 3926 1029 4010 Stipes
1050 3926 1158 4008 (cujus
1180 3931 1210 3986 in
1230 3931 1406 3990 universum
1427 3927 1495 3988 lon·

482 4039 591 4122 gitudo
612 4045 644 4100 in
658 4040 822 4120 Agaricis‚
846 4054 878 4100 ct
894 4043 1074 4118 praesertim
1091 4039 1215 4120 quidem
1232 4039 1368 4112 tenellis,
1390 4039 1495 4102 eloco

484 4151 575 4212 natali
595 4155 689 4232 tnagis
709 4151 845 4232 pendet,
876 4171 966 4232 quarn
987 4165 1021 4212 ut
1041 4149 1251 4212 characterem
1277 4148 1381 4230 paullo
1403 4151 1496 4212 stabi-

484 4263 593 4326 liorem
615 4263 815 4344 suppeditare
836 4265 956 4345 possit)
975 4263 1015 4325 cd
1034 4271 1055 4342 4
1071 4283 1141 4324 unc.
1159 4277 1191 4324 et
1206 4263 1302 4334 ultra,
1324 4261 1378 4324 ubi
1396 4261 1496 4344 (quod

485 4394 579 4456 saepe
599 4373 655 4456 lit)
683 4395 886 4459 permulcet
907 4395 1058 4458 proceros
1078 4375 1184 4437 altiore
1209 4377 1305 4454 petit.
1338 4372 1493 4456 protrahi·
