3574 5486
765 643 943 682 --·'··-
1299 637 1357 715 ¹7⁵

341 815 541 878 obtusissime
568 812 774 885 umbonatus,
809 829 981 888 convexus,
1020 807 1123 875 crasse
1138 813 1182 898 set
1206 813 1357 896 adpresse

338 947 510 1009 squamoso
527 959 543 974 ·
560 930 695 987 rimosus
723 925 864 1006 (pseudo
884 930 1051 1007 -squamis
1088 927 1156 988 latia
1190 926 1354 1007 laevibus),

340 1044 439 1124 ἰ-ι
462 1058 534 1098 unc.
556 1037 708 1099 diametro
729 1057 882 1118 aequans,
910 1036 1107 1119 fuliginosas,
1134 1043 1166 1097 in
1186 1039 1356 1100 olivaceum

340 1156 409 1232 ipse
430 1171 556 1234 quoque
576 1151 761 1232 aliquantum
779 1169 917 1230 vergens.
959 1149 1118 1209 Lamellae
1130 1151 1225 1224 latae,
1247 1151 1355 1212 distin·

342 1279 429 1335 ctae,
459 1281 591 1325 crassae.
639 1261 743 1344 Stipes
770 1261 906 1333 solidus,
939 1261 1067 1334 iirmus,
1096 1263 1189 1325 laevis
1210 1268 1272 1324 iano
1293 1263 1355 1344 gla-

340 1375 533 1450 briusculus,
576 1393 805 1455 nonnumquam
834 1393 852 1435 e
880 1375 944 1435 basi
985 1375 1112 1436 incurvi
1145 1375 1352 1452 adscendens,

340 1488 466 1548 modice
485 1488 612 1570 longus,
645 1482 840 1570 rsauuqialis,
874 1487 1000 1548 lamellis
1027 1488 1164 1548 olivaceo
1177 1521 1192 1534 -
1204 1485 1354 1570 fuligineis

340 1599 405 1661 fere
426 1601 591 1660 concolor.
620 1599 758 1658 Vulnera
777 1597 872 1680 fungo
893 1599 1069 1681 ubicunque
1089 1600 1169 1660 illata
1184 1601 1355 1662 rubescunt

340 1728 432 1793 atque
458 1716 527 1772 exin
554 1711 709 1792 paullatim
737 1710 952 1791 denigrantur:
990 1731 1026 1772 ac
1046 1717 1078 1770 in
1100 1718 1276 1773 universum
1298 1732 1355 1773 co-

339 1828 444 1906 gnatio
459 1824 607 1906 quaedam
623 1829 703 1884 inter
718 1844 788 1902 eum
807 1821 1063 1904 Omphaliumque
1079 1823 1237 1897 adustam,
1259 1845 1354 1907 quan·

340 1941 452 1997 tumvis
478 1936 576 1996 forma
599 1957 636 1997 ac
662 1937 816 1997 volumine
841 1937 1097 2008 diversissimam,
1126 1939 1270 1998 naturalis
1291 1942 1355 1998 evi-

341 2047 452 2108 denter
472 2049 645 2108 intercedit
694 2049 773 2109 Inde
801 2063 892 2130 quarn
920 2049 1053 2128 ambigui
1080 2049 1119 2108 de
1144 2054 1272 2109 veritate
1291 2049 1355 2110 loci

339 2159 449 2240 hujus,
479 2181 569 2241 quem
596 2164 715 2241 speciei
743 2177 868 2221 nostrae
891 2165 1128 2240 assignavimus,
1162 2159 1352 2236 haereamus,

318 2269 427 2332 neila
447 2272 648 2354 intelligetur:
680 2276 733 2354 qui
757 2272 884 2354 fungum
907 2273 1147 2331 Persooru'anum
1172 2293 1277 2332 coram
1298 2273 1354 2334 ha·

339 2382 435 2456 beat,
466 2384 612 2465 judicium
633 2384 768 2446 feruuto.
812 2387 960 2445 Occurrit
978 2400 1084 2446 noster
1103 2388 1135 2442 in
1155 2385 1247 2465 sylvis
1267 2383 1352 2444 abie—

341 2500 412 2557 tinis
434 2502 588 2557 muscosis
616 2501 858 2578 grarninosisve,
890 2502 980 2556 etiam
1001 2497 1213 2577 apriciusculis
1224 2541 1246 2568 ,-
1261 2515 1353 2556 mon-

340 2612 418 2668 tanis
446 2609 520 2669 ltinc
547 2609 631 2669 illino
658 2607 891 2690 (Brasultlriigeh
919 2607 1063 2670 Libauer
1092 2608 1154 2668 uud
1181 2607 1353 2670 Soblurrder·

341 2721 455 2799 Berg).
496 2721 690 2801 Septembri,
714 2721 858 2782 Octobri.

418 2833 487 2894 505.
521 2832 559 2893 A.
590 2831 635 2892 G,
662 2832 857 2894 fumosus.

338 2946 379 3004 A.
403 2944 439 3005 G.
462 2943 598 3003 ›redulari
618 2949 738 3018 ruirtor,
761 2948 906 3026 rigidior,
934 2950 1074 3026 opacior.
1118 2943 1221 3027 Sapor
1240 2949 1271 3004 in
1291 2965 1352 3006 no·

315 3061 410 3118 ‘stn's
431 3061 522 3118 mitis.
566 3059 640 3118 Mox
660 3059 830 3132 solitarius,
856 3079 926 3117 mox
945 3063 1100 3139 gregarius
1121 3062 1351 3139 caespitosusve

339 3175 452 3230 crescit
472 3170 550 3230 locis
571 3173 753 3250 grmninosis
771 3169 925 3232 umbrosis
938 3174 1065 3251 passim,
1087 3190 1154 3232 nun
1164 3168 1350 3251 infrequens.

338 3281 544 3342 Antecedanti
564 3275 707 3343 coaevus.

417 3393 486 3454 506.
519 3394 559 3454 A.
589 3395 630 3453 G.
661 3397 997 3458 atro-cincreus.

612 3503 673 3582 ββ,
696 3504 810 3564 medius
886 3535 898 3544 r

337 3615 522 3678 Intermedia
543 3636 611 3678 esse
634 3618 755 3678 videtur
775 3637 837 3678 var.
860 3633 966 3678 nostra
987 3621 1068 3676 inter
1088 3638 1121 3688 α,
1144 3631 1176 3674 et
1199 3613 1235 3676 G.
1257 3613 1349 3696 dasy-

336 3727 436 3809 poda:
463 3729 501 3788 ab
523 3729 653 3810 utrique
674 3745 776 3790 ternam
803 3705 1010 3810 peculiaribus
1031 3734 1121 3789 etiarn
1142 3733 1224 3788 notis
1246 3728 1349 3788 disce·

337 3839 426 3902 deus.
467 3840 569 3922 Stipes
589 3829 838 3923 sesquiuncialis,
868 3838 922 3928 dlii
941 3843 1036 3902 lineas
1058 3859 1195 3912 crassus,
1218 3838 1347 3914 solidus,

335 3959 426 4033 apice
445 3952 628 4026 librillosus,
657 3954 804 4015 deorsum
825 3956 929 4016 laevis.
974 3953 1073 4013 Pileus
1095 3951 1251 4013 biuncialis
1271 3949 1348 4022 fere,

337 4061 508 4140 convexus,
537 4065 677 4127 obtusius
697 4073 856 4128 acutiusva
877 4067 1082 4140 umbonatus,
1115 4063 1347 4145 glabriusculus,

335 4179 484 4238 murinus.
530 4176 616 4237 Odor
635 4198 744 4258 parum
765 4179 947 4242 distinctus:
969 4199 1062 4260 sapor
1075 4181 1231 4258 ingratus,
1254 4175 1350 4240 velta·

334 4307 440 4364 tuens,
469 4293 561 4350 acris.
604 4291 750 4351 Nascitur
775 4295 807 4350 iu
826 4293 922 4373 sylvis
947 4291 1088 4352 abietinis
1112 4275 1271 4350 muscosis
1286 4291 1349 4348 sic·

335 4401 497 4478 olusculis,
518 4401 681 4484 aliquoties
701 4401 781 4464 lecta
801 4403 971 4482 (Maholzer
985 4401 1106 4470 liuida,-
1128 4399 1239 4480 flatu).
1262 4402 1348 4481 Sept.
