3468 5486
697 756 877 774 ---
1235 723 1294 810 349

160 947 165 954 .
274 899 409 984 simplice
448 919 628 987 ramosaque
646 921 763 992 'crasso
803 897 968 982 tubrugoso
1007 901 1075 964 albo
1088 935 1101 952 ·
1114 921 1291 982 tomentum,

275 1013 416 1098 capitulis
436 1011 629 1075 subroeunciis
647 1015 843 1096 plattiuscuiis
864 1017 972 1076 aureis.

352 1129 478 1210 Fungus
498 1128 706 1210 praepulcher
719 1103 852 1211 'ambigit
870 1133 952 1192 inter
973 1129 1101 1190 Pezizae
1116 1131 1294 1216 Helotiiqna

273 1259 390 1324 genus:
419 1245 555 1324 propior
583 1241 628 1302 illi
657 1243 783 1322 capituli
803 1242 913 1305 subtus
933 1261 999 1303 non
1019 1249 1155 1312 excavati
1183 1245 1292 1322 forati,

275 1355 344 1414 huic
363 1358 542 1418 ramositate
562 1375 599 1418 ac
625 1355 744 1416 habitu.
786 1355 919 1418 Accedit
939 1353 1150 1437 quadantenus
1170 1358 1211 1419 ad
1234 1359 1295 1417 Tu·

237 1481 239 1486 ’
275 1465 462 1541 bercuiart'as
482 1467 647 1532 Todeanas
675 1468 831 1528 volueram
859 1483 893 1530 et
918 1473 1101 1549 pracsertim
1127 1469 1293 1530 sulcatam:

274 1579 313 1642 ab
340 1579 470 1662 utrique
500 1595 603 1642 tamen
633 1581 785 1644 diversus.
848 1578 1027 1642 Substantia
1053 1585 1165 1664 stipitis
1191 1581 1293 1658 finon,

274 1691 477 1758 subcoriacea
509 1727 551 1742 -
585 1694 712 1775 capituli
751 1713 889 1756 carnosa.
951 1693 1081 1754 Statura
1114 1693 1292 1777 majuscula,

273 1805 543 1886 4-61ineorutn
566 1807 650 1868 fere:
678 1807 803 1889 capituli
831 1805 980 1868 diameter
1007 1811 1101 1868 variat
1121 1811 1203 1868 inter
1226 1829 1238 1868 t
1262 1821 1315 1870 et·

274 1921 421 1999 timens.
462 1921 588 2001 Fungus
615 1917 760 1982 infantilis
781 1921 936 1980 involucro
957 1920 1090 1982 candido
1118 1920 1218 1982 lanato
1244 1935 1295 1984 to·

275 2049 325 2096 cus
345 2031 503 2094 obductus
522 2047 586 2104 est;
618 2032 704 2113 quod
725 2037 757 2092 in
776 2032 861 2114 pileo
882 2033 984 2114 paullo
1004 2049 1079 2114 post
1106 2038 1139 2094 in
1165 2031 1294 2094 frustula

275 2150 356 2206 varia
388 2149 476 2228 quasi
508 2143 659 2206 farinacea
693 2145 846 2226 dilapsum
880 2144 994 2208 fatiscit
1027 2166 1065 2208 ac
1093 2162 1193 2208 totum
1220 2147 1296 2236 dein

274 2263 492 2320 evanescit-
510 2255 619 2321 subtus
640 2278 716 2319 vero
736 2261 829 2340 inque
846 2261 950 2340 stipite
970 2259 1062 2341 longe
1083 2257 1198 2321 diutius
1218 2280 1292 2340 per·

273 2376 387 2434 sistens
415 2375 541 2434 nonnisi
568 2386 817 2434 consenescente
849 2369 945 2452 brago
980 2370 1060 2433 adeo
1098 2371 1291 2446 obliteratur,

274 2501 309 2548 ut
328 2485 418 2550 color
437 2488 556 2546 nativus
576 2482 705 2546 sordide
733 2483 852 2564 pallens
874 2497 1075 2565 transpareat.
1118 2482 1220 2566 Stipes
1239 2504 1292 2547 re·

274 2613 363 2673 ctus,
387 2595 550 2680 obliquus,
573 2595 775 2659 subintus-vus
790 2629 830 2644 -
842 2587 925 2657 atino
939 2601 1012 2660 satis
1032 2597 1167 2680 aequalis
1188 2595 1293 2659 subte-

273 2731 341 2785 res,
370 2685 454 2771 nunc
480 2713 562 2770 varie
592 2707 762 2783 difforme,
794 2729 1011 2792 compressus,
1041 2728 1193 2792 rugosus,
1227 2714 1291 2769 imo

273 2822 410 2886 sulcatus
429 2835 512 2884 etc.:
539 2825 572 2882 in
591 2841 695 2884 carnos
715 2805 900 2904 plerumque
920 2823 1014 2886 binos
1042 2837 1188 2885 ternosve
1215 2821 1291 2882 divi-

273 2955 345 3000 sus:
368 2935 517 2997 deorsum
538 2932 653 2994 radicis
672 2934 711 2996 ad
731 2937 828 2997 instar
847 2936 978 3018 lignum,
1001 2935 1128 2998 uncialis
1149 2950 1182 2997 et
1200 2935 1289 3010 ultre,

273 3051 416 3123 strictus,
438 3045 536 3107 modo
557 3047 687 3128 simplex
706 3046 804 3108 modo
826 3046 884 3107 bi·
898 3046 1059 3122 trifnrcus,
1080 3052 1184 3108 intrat.
1229 3047 1292 3110 Ca·

272 3161 403 3244 piculam
424 3158 594 3220 orbiculare
623 3173 675 3220 eut
695 3157 916 3236 subdiffortne,
945 3179 964 3222 e
991 3160 1289 3242 contemplationi,

274 3273 346 3334 dein
366 3293 463 3354 saepe
484 3287 593 3334 centro
624 3269 885 3353 subdeprcssutn,
913 3272 1017 3335 colore
1044 3271 1205 3354 fonniquc
1235 3272 1293 3332 Pe-

273 3389 356 3446 rizoe
375 3387 484 3470 pityae
502 3388 683 3448 memoriam
702 3400 841 3446 renovet.
882 3385 990 3448 Brevis
1010 3389 1076 3448 aevi
1096 3383 1293 3468 funguspost

272 3498 387 3562 imbres
409 3497 563 3572 vernales,
594 3501 691 3560 carius
717 3497 897 3570 secuntias,
927 3497 1008 3559 laete
1028 3515 1195 3580 exsurgens
1215 3517 1292 3578 pau·

274 3609 332 3676 cos
359 3611 449 3673 durat
477 3610 561 3672 dies:
596 3613 751 3691 gregarius
786 3608 995 3692 frequensque
1029 3613 1110 3671 intra
1144 3614 1291 3672 cavimtes

273 3728 392 3807 sepium
419 3727 555 3804 putrium
585 3721 817 3784 fabrefacturam
851 3743 870 3783 e
898 3723 976 3784 Piuo
1013 3722 1172 3807 sylvestri,
1208 3728 1291 3786 circa

273 3857 386 3920 pagum
408 3850 549 3898 nostruin
570 3837 698 3917 passim.
738 3835 819 3917 Apr.
840 3836 917 3896 Mai.
939 3835 1000 3898 Jul.

336 3957 442 4028 noar.
477 3949 518 4010 H.
548 3946 767 4008 aniculare.

477 4045 483 4052 .
553 4082 585 4134 a,
608 4061 782 4145 quercinum

547 4171 609 4250 ββ,
632 4169 796 4232 abietiuum

273 4291 347 4348 Ver.
371 4307 403 4358 α,
424 4285 465 4347 nd
485 4285 564 4368 ligna
583 4283 753 4369 putrefacta
775 4285 919 4370 quercina
942 4282 1109 4344 hincinde
1131 4280 1143 4361 (
1155 4281 1290 4352 Troica,-
1385 4287 1388 4292 “

274 4396 479 4466 Htiselaclteac
514 4397 673 4458 Mobolzcr
710 4397 830 4478 liaicic)
862 4415 929 4458 nou
963 4393 1142 4478 infrequens
1177 4400 1292 4456 crescit

273 4525 419 4574 autumno
447 4509 553 4574 medio
581 4507 643 4588 ββ,
672 4509 852 4592 discrepans
879 4509 960 4594 pileo
980 4529 998 4571 a
1017 4509 1196 4592 primordiis
1217 4507 1290 4568 inde
