3574 5486
430 672 485 753 178
845 705 1023 722 ---·

427 867 553 934 posset,
583 872 676 913 nemo
705 873 771 914 non
797 851 925 914 videbit.
975 849 1025 911 Ab
1056 873 1088 924 u,
1118 839 1277 933 discrepat
1304 853 1340 930 β,
1362 853 1444 936 pileo

428 965 680 1026 coeruleo-etro
702 965 832 1042 (colore
853 978 957 1024 exacte
978 968 1221 1044 atramentoso),
1250 967 1353 1046 stipite
1374 981 1443 1027 toto

428 1092 543 1158 quanto
574 1096 705 1157 prorsus
725 1075 915 1149 concolore,
946 1079 1028 1136 striis
1048 1080 1082 1135 in
1100 1065 1212 1136 neutro
1234 1077 1319 1139 ullis:
1338 1077 1443 1160 major

427 1209 525 1270 porro
553 1177 619 1262 est,
654 1187 741 1249 valde
769 1187 917 1262 robuste,
958 1207 1080 1261 crasse,
1109 1187 1194 1268 pileo
1223 1189 1444 1270 quadriuncieli

428 1299 511 1374 lere,
534 1305 640 1382 stipite
660 1308 681 1378 4
700 1319 772 1360 unc.
795 1299 909 1380 longo,
936 1318 948 1358 1
973 1319 1090 1362 cresso.
1134 1299 1291 1358 Lemellae
1311 1305 1343 1360 in
1361 1303 1443 1361 utri·

429 1433 488 1494 que
509 1417 596 1472 initio
618 1412 784 1485 candidae,
807 1410 879 1472 dein
895 1401 1007 1484 albae,‘'
1023 1410 1249 1492 subpellentes:
1273 1433 1346 1470 caro
1366 1414 1442 1476 albe.

377 1563 379 1566 -
427 1527 606 1586 Nascuntur
631 1528 664 1584 in
689 1524 782 1605 sylvis
804 1497 944 1586 abietinis
964 1527 1115 1584 muscosis
1136 1545 1168 1595 o,
1191 1523 1350 1604 depressis
1371 1526 1442 1585 sub·

428 1636 625 1698 humentibus
645 1637 766 1716 passim
787 1634 965 1712 (Moholzer
986 1635 1106 1704 Ηαίἄες
1136 1632 1317 1704 Polslsr'uclz,⁸
1348 1637 1442 1696 Hcise·

379 1804 396 1828 ,
429 1747 535 1807 lochen
555 1750 641 1828 etc.)
665 1767 731 1808 non
760 1745 939 1829 infrequens
963 1747 1138 1828 Septembri
1163 1781 1204 1794 -
1230 1745 1266 1824 β,
1289 1753 1442 1814 montosis

428 1859 584 1930 umbrosis
613 1858 806 1937 (Soltlnnder
826 1861 909 1939 Berg
928 1859 1003 1920 hinc
1022 1860 1125 1940 illinc)
1147 1863 1274 1922 ineunte
1296 1862 1440 1922 Octobri.

507 1971 577 2050 514.
610 1972 650 2032 A.
682 1971 970 2033 G.limncinus.

704 2082 765 2160 ββ,
788 2081 965 2142 umbonntus

373 2217 378 2223 ·
428 2193 543 2256 Differt
569 2194 679 2278 l'ungm
708 2211 817 2258 noster
836 2217 854 2256 n
876 2195 1082 2254 Persooniano
1104 2193 1240 2255 umbone
1261 2193 1442 2275 praesertim

429 2307 618 2389 lamellisque
645 2308 846 2369 distantibus:
875 2306 931 2368 sed
958 2311 1042 2368 notis
1070 2306 1209 2387 pluribus
1236 2307 1442 2388 gravioribus·

430 2440 507 2502 que,
536 2441 626 2502 quem
647 2436 681 2481 ut
702 2425 809 2501 specie
830 2423 952 2480 secerni
973 2422 1115 2500 possint,
1145 2433 1308 2501 utrumque
1329 2437 1444 2480 conve·

415 2535 516 2604 nire,
539 2551 575 2592 ex
595 2531 808 2612 descriptione
828 2531 979 2610 ampliore
999 2532 1107 2591 nostrl
1127 2530 1209 2591 illico
1230 2530 1359 2612 patebit.
1392 2531 1444 2590 Pi·

430 2641 492 2703 lens
527 2639 597 2726 φῇ
627 2663 700 2704 unc.
736 2643 832 2715 letus,
868 2664 905 2704 ex
938 2641 1189 2723 hemisphaerico
1222 2642 1442 2723 planinsoulus‚

430 2771 519 2840 ecute
547 2757 664 2833 (rarius
692 2754 924 2834 obtusiuscule)
959 2754 1163 2827 umbonntus,
1198 2754 1290 2814 coelo
1318 2753 1442 2814 snndido

431 2866 518 2926 vnde
544 2865 733 2947 glutinosus,
763 2887 876 2928 sereno
905 2867 1125 2938 sicciusculus,
1155 2858 1446 2928 olireceolumbri-

431 2997 509 3050 nus,
539 2981 763 3058 nigrescente·
791 2979 866 3057 (sed
886 2979 1071 3040 verticuliter
1091 2999 1145 3037 nec
1165 2981 1353 3056 circinatim)
1374 2977 1445 3056 plue
1516 3045 1529 3068 ι

398 3093 413 3104 '
430 3093 531 3150 inustis
551 3093 686 3152 strutus.
730 3090 888 3150 Lomellae
914 3091 1080 3164 distantes,
1108 3089 1301 3162 letiusculee,
1331 3089 1445 3149 decur-

430 3215 556 3274 rentes,
581 3221 653 3262 eum
674 3206 787 3283 stipitis
807 3208 897 3283 apice
917 3206 1122 3283 persistentes
1141 3201 1302 3270 candidae.
1344 3199 1446 3280 Stipes

435 3307 526 3395 tiss}
554 3333 627 3374 unc.
654 3313 783 3394 longus,
814 3309 867 3398 ΞΜ
887 3314 940 3375 lin.
963 3335 1102 3388 crassus,
1133 3313 1270 3386 solidus,
1294 3327 1375 3372 tores
1394 3325 1447 3374 eut

432 3445 540 3486 versus
563 3425 649 3486 busin
670 3425 920 3499 subattenuetus‚
951 3427 1029 3486 inim
1054 3431 1175 3506 apicem
1203 3423 1306 3486 elbido
1330 3422 1446 3483 umbri-

432 3555 538 3618 noque
559 3541 677 3611 verius,
708 3541 868 3619 pigmento
895 3542 1037 3597 nimirum
1063 3538 1146 3619 pileo
1167 3537 1336 3597 concolores
1356 3535 1445 3616 gluti·
1491 3595 1496 3614 .

431 3669 534 3724 noso,
563 3669 705 3730 squemns
732 3655 863 3710 rimesve
893 3649 1110 3710 mensversnles
1129 3648 1318 3718 aemulante,
1346 3645 1447 3708 obdu·

432 3776 513 3822 ctus.
559 3760 738 3821 Cortittnrr'n
759 3761 902 3822 videlicet
922 3777 971 3823 est
998 3761 1075 3822 haec
1097 3765 1236 3841 speciem
1265 3759 1368 3840 quoted
1388 3755 1447 3816 veli

433 3872 540 3953 (quod
565 3871 729 3933 lllsuuentis
751 3893 769 3932 e
789 3873 904 3954 glutine
932 3873 1096 3954 productis
1126 3886 1269 3942 constet,
1304 3869 1393 3951 fugax
1416 3873 1448 3930 in

432 3981 527 4056 oliis‚·
543 3997 575 4042 et
594 3989 627 4044 in
647 3985 713 4044 eliis
734 3989 808 4045 sutis
829 3985 882 4045 diu
902 3988 1092 4065 persistens)
1120 3983 1254 4044 indolem
1275 3983 1448 4042 historiam·

434 4113 494 4174 que
523 4115 664 4156 consone
693 4095 757 4155 lere
786 4117 857 4156 cum
884 4095 918 4156 C.
941 4096 1090 4157 collinital.
1129 4095 1232 4184 'Avide
1251 4115 1270 4156 n
1289 4095 1448 4156 lisueeibus

433 4207 622 4282 insectisque
640 4221 776 4286 propter
795 4227 935 4289 soporem
954 4214 1060 4268 mitem
1078 4207 1199 4268 dulcem
1215 4209 1364 4288 appetite,
1387 4223 1449 4265 ste·

434 4319 563 4394 pissime
590 4319 813 4380 semidevorets
843 4319 1028 4383 ostenditur:
1063 4319 1197 4384 solitaria
1222 4321 1397 4400 gregorious
1416 4321 1448 4376 in
