3528 5482
416 729 491 796 XII

391 911 649 1001 ¹nostratium
684 923 802 1020 longe
842 923 1051 993 maximam
1087 937 1231 1016 partem
1264 924 1430 1018 comple·

416 1081 536 1151 ctens,
562 1061 624 1132 vel
641 1060 812 1147 iconum,
839 1058 979 1154 quibus
995 1059 1312 1130 Succulentorum
1329 1083 1433 1154 prae·

416 1198 546 1274 sertim
579 1197 806 1270 memoriam
843 1194 1006 1266 retinere
1041 1195 1132 1266 inde
1160 1219 1179 1265 a
1209 1195 1432 1290 primordiis

417 1353 691 1434 sategeramus,
732 1331 934 1404 voltunina
961 1329 1003 1400 in
1038 1331 1226 1402 auxilium
1258 1331 1432 1403 vocanda

415 1470 586 1544 fuerunt.
649 1468 688 1540 Si
714 1466 800 1563 quis
829 1481 995 1538 ceterum
1024 1467 1189 1538 severior
1214 1467 1433 1540 tabularum
1505 1545 1509 1563 .

415 1626 635 1680 nostrarum
662 1601 943 1698 contemplator
972 1603 1166 1674 nonnulla
1189 1603 1231 1674 in
1254 1605 1326 1693 iis,
1361 1625 1434 1675 nec

415 1741 579 1816 fortasse
599 1763 737 1835 pauca,
771 1738 1116 1811 desideraverit-
1142 1763 1250 1827 eum,
1278 1763 1327 1810 ne
1353 1739 1432 1834 pri·

416 1903 477 1950 ma
495 1901 575 1950 sese
592 1877 683 1949 artis
700 1874 921 1950 excusoriae
940 1874 1138 1962 tirocinia,
1166 1875 1284 1948 unico
1310 1875 1431 1948 scien·

417 2013 493 2086 tiae
520 2037 649 2086 amore
675 2012 769 2083 duce
793 2027 829 2082 et
853 2011 1005 2104 auspice
1030 2029 1194 2102 tentata,
1221 2037 1348 2086 coram
1371 2014 1435 2085 ha·

416 2151 504 2224 bere
522 2149 791 2234 obliviscatur,
818 2163 997 2244 rogatum
1017 2147 1192 2220 velimus.

479 2285 564 2394 ,sed
587 2283 688 2384 jam,
715 2307 811 2379 quae
834 2307 950 2376 porro
978 2281 1220 2373 adjiciamus,
1246 2283 1357 2356 nulla
1375 2306 1434 2356 su·

418 2438 597 2522 persunt:
625 2420 702 2492 nisi
718 2417 837 2492 fuerit
854 2420 928 2490 boc
948 2441 1090 2506 unum,
1118 2419 1247 2490 oleum
1265 2443 1433 2515 operam·

418 2582 491 2656 que
515 2579 597 2630 non
626 2556 780 2652 penitus
805 2554 1015 2650 perdidisse
1051 2573 1136 2627 tum
1169 2554 1324 2627 demum
1359 2579 1433 2629 nos

418 2694 723 2781 existimaturos,
770 2715 890 2788 quum
922 2693 1056 2764 oculos
1088 2690 1335 2788 botanopbili
1368 2691 1433 2764 vel

418 2831 536 2904 unius
568 2828 773 2903 alteriusve
802 2828 842 2900 in
871 2829 1157 2926 Mycologiam,
1193 2828 1433 2924 provinciam

419 2965 561 3064 absque
577 2966 661 3038 ullo
680 2987 750 3037 suo
767 2965 904 3036 merito
916 2966 1109 3060 hucusque
1126 2959 1432 3054 desertissimum,

419 3102 585 3198 amplius
604 3099 804 3174 colendam
829 3100 1118 3197 ornandamque
1141 3101 1431 3174 intenderimus.

419 3238 532 3338 Quod
560 3237 781 3334 priusquam
805 3237 932 3308 multo
957 3237 1154 3310 sollertius
1179 3237 1432 3333 crebriusque,

418 3399 533 3471 quam
552 3375 754 3460 hactenus,
782 3371 927 3444 factum
944 3371 1081 3461 itterit,
1107 3373 1205 3444 nibil
1226 3391 1301 3460 est,
1328 3373 1433 3468 quod

417 3495 609 3602 majorum
633 3508 793 3580 illorum
813 3507 1117 3606 problematum,
1154 3509 1201 3580 ad
1219 3506 1434 3607 fungorum

416 3645 722 3744 physiologiam,
750 3647 1024 3740 phytotomen,
1060 3644 1354 3740 universamque
1379 3643 1435 3715 hi·

418 3783 576 3856 storiam
614 3805 657 3852 ac
691 3799 867 3854 naturam
900 3779 1176 3876 spectantium,
1219 3779 1434 3852 solutiones

419 3935 537 3991 certas
566 3935 804 4016 naturaeque
830 3917 984 3990 veritati
1008 3933 1284 3988 consentaneas
1311 3939 1433 4012 spere·

418 4079 516 4126 mus.
570 4055 764 4127 Debemus
779 4053 930 4142 Nisbii,
957 4073 1088 4124 mense
1105 4052 1214 4124 Maio
1236 4067 1340 4142 1604.

836 4258 861 4319 1.
884 4259 920 4320 ll.
944 4277 994 4317 oe
1017 4255 1304 4318 ALllEllTlNl.

835 4378 872 4438 L.
898 4377 938 4438 D.
968 4397 1019 4436 ne
1052 4371 1348 4437 SCHWEINI'L.
