3574 5486
843 482 848 512 l

367 823 436 902 545.
470 824 510 885 A.
539 823 587 886 Μ.
616 821 897 906 ςεὶοῐτὶοιιίιια.

564 958 597 1004 α,
618 931 714 992 livida

562 1043 599 1124 β,
621 1031 728 1107 albida

563 1179 595 1240 γ,
617 1179 795 1242 praemorsa
889 1167 894 1172 '

565 1269 591 1342 ὃ,
618 1275 749 1354 epigoea

565 1404 606 1457 εε,
632 1383 749 1442 rebella

248 1505 252 1512 ’
289 1494 506 1576 vulgatissima
531 1494 646 1579 ubique
674 1498 818 1576 provenit
848 1513 913 1555 var.
943 1515 994 1568 ι,;
1032 1513 1092 1554 nec
1118 1514 1203 1555 rarae
1231 1513 1303 1557 sunt

288 1605 324 1682 β,
353 1627 385 1688 γ,
413 1621 530 1669 aestate
559 1622 591 1668 et
617 1611 799 1688 praesertim
825 1622 984 1668 autumno.
1042 1602 1070 1678 δ,
1098 1609 1302 1688 praepulchro

289 1719 385 1780 semel
406 1733 522 1780 tantum
543 1725 667 1800 reperta
692 1709 862 1790 tenesmis,
892 1723 1066 1798 caespitosa
1086 1723 1151 1779 imo
1172 1717 1302 1781 fascicu-

288 1830 366 1904 lata,
389 1830 546 1911 stipitibus
568 1829 715 1890 radicatis
736 1831 886 1911 elongatis
902 1829 1183 1893 flavo-coccineis.
1212 1833 1308 1892 Loco*

288 1947 465 2024 graminoso
496 1941 724 2004 hunridiusculo
757 1920 938 2019 (Moholzer
973 1942 1092 2022 Heide)
1122 1944 1180 2004 sub
1206 1933 1301 2005 linem

289 2055 493 2135 Septembris.
544 2057 616 2116 Huc
643 2032 741 2136 porro
769 2055 891 2114 accedit
912 2077 952 2128 εε,
974 2060 1047 2114 item
1070 2061 1240 2130 terrestris,
1269 2061 1302 2116 in

290 2170 444 2246 caespites
472 2181 503 2226 et
531 2187 640 2247 greges
660 2150 785 2246 ¹longos
817 2167 957 2248 latosque
991 2167 1109 2242 ell'usa,
1146 2168 1302 2248 stipitibus

288 2277 491 2338 subradicatis
517 2277 625 2339 albidis
651 2279 954 2352 incarnescentibus‚
993 2279 1082 2360 pileis
1110 2277 1186 2340 olbis
1212 2281 1300 2342 disco
1391 2279 1394 2286 “

221 2441 224 2444 .
288 2408 419 2450 amoene
439 2389 583 2456 tabellis·
623 2389 660 2449 Iu
681 2389 750 2450 udis
772 2390 926 2490 uliginosis
947 2391 1097 2472 sylvarum
1118 2395 1301 2472 op'aciorum

287 2505 402 2584 passim
424 2507 563 2563 occurrit
582 2500 728 2582 frequens
750 2503 939 2584 Septembri,
964 2487 1106 2565 Octobri.

366 2611 433 2690 546.
465 2613 501 2671 A.
529 2614 576 2673 M.
608 2614 893 2694 polygramma.

565 2747 596 2798 a,
619 2727 804 2784 citterascens

287 2835 434 2918 Exempla
462 2823 627 2909 cucullata,¹
659 2842 761 2917 primo
789 2839 939 2918 adspectu
963 2838 1129 2920 Coprinum
1149 2845 1300 2901 mentien-

290 2955 345 3018 tia,
377 2949 580 3024 descriptioni
603 2949 806 3010 Hatsrltianoe
832 2971 891 3010 var.
913 2971 945 3032 γ,
971 2967 1177 3034 ntrocyouene
1196 2967 1301 3015 exacte

287 3061 528 3147 respondentia,
551 3061 633 3122 lmud
654 3081 720 3121 rara
742 3078 814 3122 sunt
833 3061 942 3134 nobis3
956 3063 1024 3126 ,sed
1045 3063 1220 3140 evidenter,
1242 3069 1300 3128 rite

287 3189 455 3254 augurante
475 3171 513 3232 cl.
539 3173 688 3244 Peneon,
710 3171 820 3254 fungos
842 3178 953 3268 sistunt
973 3173 1107 3254 juniores
1128 3176 1167 3236 ad
1180 3199 1212 3250 a,
1229 3198 1301 3258 per-

289 3289 433 3346 tinentes.
469 3285 506 3344 In
525 3291 713 3358 nemorosis,
735 3289 917 3368 granrinosis
938 3302 999 3348 etc.
1019 3293 1154 3368 passm,-
1172 3309 1238 3349 non
1253 3293 1299 3350 in-

287 3395 445 3478 frequens.
488 3399 574 3476 Sept.
598 3409 630 3454 et
650 3385 738 3477 seq'q.

366 3507 435 3586 547.
469 3507 508 3568 Δ.
536 3507 582 3568 Μ.
609 3512 777 3569 aestive.

230 3607 233 3614 ¹
287 3619 387 3680 Nimis
407 3617 506 3680 ellinis
527 3620 797 3700 praecedentibus.
840 3620 876 3682 ln
897 3618 988 3701 sylvis
1008 3625 1146 3682 ecerosis
1159 3619 1300 3699 (Mobol-

288 3751 339 3788 ιον
360 3729 463 3790 Hnide
484 3746 516 3790 et
534 3731 625 3811 alibi)
646 3753 709 3792 non
728 3724 805 3793 reta.
847 3723 953 3807 Jul0,'
969 3734 1121 3814 Augusto.

367 3841 435 3920 548.
468 3844 508 3902 A.
536 3844 583 3903 M.
614 3843 836 3905 etro-alba.

288 3954 428 4035 Cognata
463 3954 540 4014 haec
574 3975 699 4037 quoque
732 3953 1005 4026 antecedentibus3
1045 3967 1183 4036 attornati
1218 3953 1300 4010 notis

288 4066 402 4144 (prout
423 4065 557 4124 Boltonii
576 4066 644 4145 jem.
657 4073 771 4130 evincit
790 4069 980 4145 descriptio)
1006 4043 1231 4124 sullicientilms
1254 4061 1301 4119 di-

287 4163 386 4264 tersa.
427 4176 524 4238 Arete
552 4183 747 4258 caespitosus
772 4178 820 4238 vel
848 4176 1035 4238 fascicularis
1063 4178 1180 4232 truncis
1201 4175 1303 4251 putri-

256 4289 269 4318 ‘
287 4285 336 4348 dis
357 4293 540 4368 praeprimis
559 4289 700 4350 abietinis
720 4292 889 4350 innascitur
902 4288 1013 4367 fungus
1028 4287 1200 4356 serotinus,
1224 4299 1305 4361 quos

174 4435 179 4446 ·
252 4477 259 4500 Ι
287 4397 393 4458 radice
419 4399 562 4461 breviore
591 4401 770 4482 longioreve
798 4401 886 4475 recti
911 4397 1038 4460 barbati
1065 4397 1238 4475 nigricante
1260 4395 1306 4449 in-
