3574 5486
458 623 513 684 182
869 661 1048 680 --..-..

456 801 557 862 Pileas
581 803 707 865 demum
732 801 883 886 pallescit.
933 807 1092 889 Frequens
1117 824 1247 892 utraque
1273 833 1336 874 ver.
1362 815 1471 876 incolit

454 917 553 998 sylvas
573 917 736 979 umbrosas
756 902 917 978 dumetsve
937 918 1094 983 frondosa.
1135 926 1222 1004 Sept.
1247 926 1321 986 Oet.

532 1029 602 1107 524.
635 1029 675 1090 A.
705 1029 747 1089 G.
777 1029 1026 1094 discoideus.

454 1139 553 1202 Color
572 1145 604 1201 in
632 1141 714 1200 disco
735 1141 808 1223 pilei
832 1141 1014 1222 Omphalioe
1033 1143 1098 1206 fere
1123 1145 1246 1226 gilone:
1275 1153 1308 1208 in
1327 1152 1469 1230 margine

452 1253 590 1328 albidus,
618 1253 766 1336 pallidus,
799 1253 981 1318 flavescens.
1024 1257 1183 1318 Lemelloe
1210 1274 1345 1321 tenerae.
1388 1261 1468 1324 Cre-

453 1371 565 1431 scitia
590 1367 732 1430 abietinis
759 1373 914 1430 muscosis
942 1369 1098 1432 umbrosis
1126 1372 1362 1454 (Bosaltlrtgeb
1390 1374 1465 1436 Soh-

453 1479 562 1539 laader
597 1481 699 1560 Berg)
733 1484 888 1562 gregarius
915 1481 963 1542 vel
990 1482 1262 1566 subcaespitosus,
1294 1487 1351 1548 sed
1374 1503 1466 1548 autu·

450 1613 524 1652 mno
545 1596 632 1654 sicco
654 1597 834 1656 rarissiruus.
875 1594 979 1656 Paullo
1001 1595 1133 1658 tardior:
1155 1601 1260 1678 vigens
1281 1603 1464 1679 praeprimis

452 1705 594 1768 Octobri.
766 1797 772 1812 Ι

528 1817 598 1880 525.
633 1819 671 1880 A.
702 1818 743 1878 G.
771 1819 1014 1902 chrysodon

723 1929 785 2008 ββ,
807 1931 952 1992 leucodon

448 2043 619 2125 Discrepat
645 2063 707 2105 ver.
735 2059 843 2106 nostra
869 2044 908 2105 ab
938 2065 970 2118 a,
1000 2043 1080 2125 pileo
1109 2065 1241 2109 amoene
1269 2065 1407 2108 convexo
1430 2061 1462 2108 et

448 2161 631 2239 praesertim
664 2155 869 2218 flocculorum
901 2159 1108 2239 marginalium
1142 2159 1263 2240 villique
1291 2163 1324 2218 iu
1347 2163 1461 2240 stipitis

448 2273 539 2352 apice
559 2269 711 2332 annularis
732 2271 840 2332 colore
860 2269 947 2330 elbo:
975 2271 1092 2352 reliqua
1114 2276 1233 2345 omnia,
1262 2275 1352 2332 etium
1373 2273 1461 2352 stipi·-
1575 2327 1580 2335 .

447 2384 520 2466 pitis
541 2381 791 2466 lomellornmque
813 2383 864 2460 (ln
882 2387 996 2445 nostris
1022 2383 1193 2464 nudarum)
1220 2383 1324 2458 color,
1355 2397 1461 2446 mete

449 2501 648 2558 conveniunt.
698 2497 824 2556 Parcior
850 2493 938 2556 adest
958 2499 990 2554 in
1009 2494 1188 2577 regionibus
1213 2500 1329 2557 nostris
1349 2495 1461 2578 fungus

447 2609 602 2690 elegans,.
615 2613 647 2668 in
678 2606 833 2669 mnbrosis
862 2611 1036 2669 nemorosis
1073 2610 1197 2670 nonnisi
1228 2605 1277 2670 bis
1311 2608 1461 2672 hactenus

446 2719 664 2801 (Bosalthttgel
698 2724 891 2796 rarissirnus3
925 2718 1099 2781 Sohlnnder
1133 2719 1217 2799 Berg
1250 2725 1366 2800 passim
1399 2719 1461 2784 ire-

445 2835 608 2917 quentior)
628 2848 783 2912 repertus.
825 2833 964 2893 Exeume
985 2831 1161 2914 Septembri
1181 2847 1213 2892 et
1234 2832 1379 2894 Octobri.

523 2945 593 3008 526.
626 2943 665 3004 A.
696 2944 737 3004 G.
763 2944 1001 3013 rubescens.

444 3061 573 3140 Species
607 3056 763 3131 fortuma,
798 3061 906 3153 exbnie
938 3057 1079 3138 pulchra.
1141 3057 1243 3118 Totus
1276 3056 1458 3140 plerumque

444 3170 555 3253 fungus
575 3171 731 3252 eleganter
749 3169 888 3230 rubescit
907 3174 966 3244 ita,
995 3184 1029 3230 ut
1047 3167 1145 3229 rubor
1167 3167 1366 3230 fundamento
1386 3170 1457 3230 albo

445 3289 532 3367 quasi
552 3283 737 3364 superflatus
756 3297 922 3362 appareat:
944 3281 1001 3343 sed
1022 3281 1100 3342 disci
1121 3285 1273 3342 intensior
1286 3297 1335 3342 est
1355 3281 1455 3343 color.

446 3395 548 3480 Stipes
567 3415 665 3480 eaque
685 3415 723 3456 ac
743 3393 839 3477 pileus
860 3393 948 3454 coelo
974 3393 1121 3454 humente
1142 3392 1296 3486 lubricus,
1326 3395 1455 3468 solidus,

444 3508 630 3600 valensped
657 3512 778 3568 unciam
807 3527 906 3588 usque
934 3511 966 3566 in
990 3504 1230 3587 perfectioribus
1258 3523 1380 3567 sursum
1407 3511 1456 3566 in·

445 3635 609 3684 crassatus.
671 3620 775 3702 Sylves
809 3635 945 3680 sectatur
978 3623 1085 3680 mixtas
1119 3637 1262 3680 amoenas
1297 3617 1458 3682 umbrosas

442 3733 621 3812 (Mobolzer
655 3731 756 3792 Hnide
785 3733 858 3792 binc
885 3731 985 3804 illinc;
1020 3729 1192 3792 Solrlouder
1223 3729 1285 3790 und
1313 3727 1457 3791 Lobana

444 3847 528 3928 Berg
547 3865 611 3906 non
631 3843 840 3926 infrequens).
883 3845 967 3925 Sept
990 3845 1061 3904 Oct

520 3959 587 4039 527.
621 3959 657 4016 A
686 3956 729 4017 G.
760 3975 1066 4037 purpurascens
1095 3975 1222 4018 noers.

412 4071 481 4136 .A.
507 4069 540 4131 G.
564 4067 816 4151 subcaespr'tosus,
848 4069 929 4150 pileo
959 4089 1086 4127 carnoso
1114 4063 1287 4126 sicciasculo
1314 4063 1455 4152 subrepta·

442 4183 554 4242 muloso
576 4181 836 4261 convexo-plano
865 4179 952 4254 albo,
980 4178 1061 4240 disco
1089 4195 1345 4264 purpuratam,
1373 4201 1458 4238 mnr-

360 4295 366 4308 '
440 4299 512 4376 gine
533 4295 619 4355 irtt'tio
640 4293 774 4354 inantea
796 4311 970 4368 tomcsttoso,
999 4292 1126 4354 lamellis
1140 4289 1375 4352 subducentibus
1389 4288 1454 4350 sub·
