3468 5486
693 710 1298 794 ·—--·-³⁶9

278 903 360 956 stetu
395 889 534 972 sporadas
569 877 776 974 subglolioses
809 891 945 954 nitentes
978 890 1145 966 candidos,
1186 891 1297 974 quibus

278 1002 381 1068 medis
407 985 507 1064 secale
536 1002 664 1064 obtecta
689 999 843 1078 cernits'tr,
874 1020 1014 1086 quassato
1035 1005 1170 1086 digitove
1189 1025 1297 1087 pressa

277 1119 311 1176 ln
331 1135 420 1180 auras
439 1121 469 1178 vi
488 1117 672 1178 vehemente
692 1114 813 1178 fumans
834 1115 985 1196 dispellit:
1008 1117 1092 1177 color
1112 1121 1297 1200 ceteroquin

277 1228 412 1304 lacteus,
435 1250 453 1290 e
473 1233 565 1290 niveo
585 1229 795 1310 glaucescens.
841 1229 965 1290 Gonnus
979 1231 1099 1312 aliquot
1112 1231 1295 1312 plerumque

278 1363 299 1404 e
317 1360 425 1401 trasico
447 1341 550 1404 basiae
572 1327 732 1402 comiunni
752 1341 933 1402 informem
959 1363 1043 1404 stunc
1075 1343 1293 1420 fasciculam,

276 1473 361 1516 nunc
380 1453 524 1536 pedorem
546 1469 599 1516 aut
619 1455 774 1536 digitalem
803 1470 1053 1534 pronascuutur,
1082 1458 1293 1534 crassiusoula,

277 1567 430 1650 simplicio
450 1567 500 1628 vel
519 1567 551 1629 bi
563 1601 579 1616 -
592 1571 772 1641 tritomoss,
794 1581 880 1628 recta
900 1569 948 1628 vel
969 1569 1195 1650 subdepressa3
1216 1569 1294 1634 hoec

278 1680 352 1742 dum
381 1695 544 1754 crescunt,
573 1683 661 1762 apice
686 1679 899 1762 limpidissime
926 1701 1044 1762 aquoso
1068 1683 1220 1766 simulque
1245 1688 1295 1744 in-

277 1807 412 1854 crassata
447 1797 577 1874 capitata
609 1813 710 1874 paene
745 1787 937 1855 stilbll'ormie
977 1811 1130 1876 apparent
1163 1829 1205 1844 -
1237 1795 1314 1862 sed'

275 1906 396 1980 adulta,
425 1906 465 1966 ad
486 1905 587 1966 2-5
612 1905 665 1966 lin.
694 1904 866 1988 producta,
895 1926 1073 1988 compresse
1099 1885 1294 1974 sultlleruosst

277 2039 400 2082 sursum
429 2017 641 2081 subattenuata
676 2018 829 2093 evadunt,
871 2037 909 2080 ae
937 2019 1041 2099 paullo
1067 2036 1144 2101 post
1171 2043 1293 2083 marce·

277 2147 386 2194 scunt:
408 2131 518 2192 ludunt
529 2151 762 2214 nonnumquam
774 2130 880 2192 habitu
904 2135 1045 2193 tenuiore
1060 2153 1096 2194 ac
1110 2137 1289 2198 ramosiores

278 2245 362 2306 Situs
376 2247 590 2326 caespitosus,
604 2243 645 2303 ad
660 2243 778 2324 aliquot
798 2247 903 2306 uncias
920 2265 1015 2327 saepe
1030 2243 1166 2318 effusus,
1187 2243 1291 2305 Odoa-

276 2359 339 2417 rioe
365 2361 470 2438 specie
497 2359 665 2438 spectatori
692 2355 834 2418 illudens.
877 2357 1055 2440 pervulgata
1075 2358 1164 2438 lignis
1184 2371 1291 2440 putre·

276 2469 350 2532 dine
371 2474 469 2532 exesis
490 2470 603 2549 pineis,
627 2466 783 2542 obierinis,
796 2467 918 2548 ¹alneis,
945 2471 1074 2550 salignis
1093 2483 1155 2531 etc.
1177 2468 1292 2552 ubique

274 2586 425 2646 increscit
444 2582 522 2643 haec
543 2585 676 2662 species.
716 2581 745 2640 A
765 2583 857 2643 Junio
878 2586 911 2643 in
932 2581 1104 2644 Octobrem
1124 2599 1231 2664 usque.

358 2715 445 2800 sopq.
479 2695 518 2757 Ο.
547 2691 775 2776 pyxidatum
799 2715 927 2756 soors.
1308 2697 1427 2749 Tanxtt

277 2807 311 2868 C.
339 2827 476 2888 sparsum
501 2804 704 2891 pysidatum,
734 2823 840 2866 rrsotco
867 2807 996 2889 simplici
1023 2808 1112 2891 apice
1143 2806 1290 2868 radiatim
1339 2795 1397 2857 r³³·

274 2936 412 2984 cornuto.

318 3011 319 3016 ἵ
352 3031 442 3094 Adeo
463 3051 533 3093 cum
553 3033 656 3114 priora
674 3035 817 3116 congruit
837 3030 1023 3106 substantii,
1058 3030 1176 3104 colore,
1206 3034 1289 3094 totis-

266 3133 335 3230 que
368 3143 513 3216 historici,
551 3159 585 3204 ut
615 3148 659 3220 ei,
696 3149 748 3228 qui
777 3149 956 3217 ‚varietatem
990 3143 1056 3225 ejus
1087 3145 1289 3228 insigniorem

272 3259 400 3333 dixerit,
429 3277 538 3340 parum
564 3256 753 3318 adversaturi
780 3261 894 3320 simus:
917 3251 1027 3346 sonaci
1054 3272 1157 3320 tamen
1186 3257 1290 3320 differt

272 3385 306 3432 et
331 3373 399 3430 sim.
431 3369 567 3432 Corma
601 3369 722 3432 3-10
757 3391 877 3444 crasse,
913 3369 1044 3446 obtusa,
1078 3373 1110 3430 in
1141 3371 1289 3453 pyxidem

273 3489 462 3565 composita.
504 3482 555 3543 Ad
583 3483 663 3566 ligna
690 3487 792 3564 putria
817 3486 933 3566 passim
965 3482 1014 3560 (v.
1038 3501 1067 3544 c.
1091 3481 1287 3556 Eulentoolds

210 3635 223 3656 ι.
272 3595 404 3677 Hoide).
445 3595 585 3658 Aestate.

354 3728 440 3790 seps.
475 3709 755 3790 C.0porioides
781 3727 908 3771 noers.
1305 3723 1365 3774 Tri.
1388 3725 1423 3774 11.

273 3819 307 3882 C.
337 3838 509 3902 congestum
536 3819 708 3903 porioides,
737 3823 851 3882 truncis
877 3819 1008 3906 aridique
1033 3820 1066 3880 iu
1094 3817 1195 3882 oriem
1216 3843 1285 3883 con·
1334 3821 1393 3870 8⁶·

265 3928 451 4021 sistentibus,
473 3931 612 3994 cornibus
632 3931 815 4016 simplicibus
836 3931 1017 3996 distantibus
1036 3935 1161 3994 crectiss

487 4053 502 4094 l
547 4070 579 4120 a,
601 4045 731 4108 lacteum

545 4159 581 4238 β,
596 4154 721 4248 slavum

270 4267 451 4334 Substoosid
471 4271 662 4356 historiaque
684 4288 716 4334 et
736 4271 801 4334 hoc
820 4269 1078 4353 praecedentibus
1098 4290 1284 4346 consonum,

268 4388 375 4464 generi
400 4397 525 4444 nostro:
545 4382 787 4445 adscribendum
815 4398 881 4446 est:
921 4387 1046 4466 species
1074 4397 1212 4446 ceterum
1238 4389 1287 4446 sui

268 4499 375 4576 utique
395 4493 481 4576 juris.
523 4494 639 4555 Formo
667 4509 845 4562 constanter
865 4509 968 4560 erecte
988 4495 1171 4580 poricides,
1198 4499 1287 4577 poris
