3528 5482
731 737 909 752 ········
1286 717 1323 780 29

310 899 403 964 gosus
430 895 572 961 apparet.
622 876 828 938 Prim0rdislis
854 873 977 964 fungus
992 891 1077 940 totus
1097 897 1116 938 e
1134 876 1323 944 flavescente

309 993 428 1067 fulvus,
450 992 672 1064 mollissimus,
701 990 881 1071 pellacem,
916 989 1028 1052 ostiolo
1052 989 1114 1074 jam
1143 1009 1208 1054 tum
1233 1015 1324 1075 prae-

311 1123 399 1170 sente
419 1105 523 1183 (unde
542 1103 582 1166 ab
601 1106 748 1184 opinione
769 1102 809 1163 de
830 1107 897 1165 eius
916 1119 986 1164 ortu
1010 1103 1172 1180 Tcdennd,
1204 1105 1244 1168 de
1265 1109 1324 1190 qud
1415 1113 1418 1120 '

311 1219 439 1280 diximus
465 1217 505 1278 ad
533 1219 574 1277 N.
597 1217 663 1290 50,x
680 1221 712 1276 in
742 1217 802 1276 hac
822 1215 1024 1300 pluribusque
1044 1217 1212 1300 speciebus
1232 1241 1323 1302 pror·

312 1353 364 1396 sus
392 1305 618 1400 discedendmu
645 1347 714 1392 esse
734 1328 896 1410 videtur):
930 1330 1002 1391 dein
1022 1330 1177 1412 paullatim
1197 1331 1322 1394 indura-

313 1463 362 1506 tur
388 1445 558 1524 badiusque
585 1442 638 1517 lit,
673 1446 793 1510 micorc
825 1458 927 1504 tamen
960 1443 1092 1526 quodam
1127 1443 1322 1507 subdilucido

218 1537 223 1540 .
311 1558 453 1632 fulvello,
483 1561 515 1616 in
534 1571 641 1618 rostro
669 1561 870 1638 praesertim,
900 1559 1064 1616 etiaumum
1091 1556 1235 1618 residuo:
1267 1557 1323 1618 de·

311 1691 395 1732 mum
422 1684 506 1731 totus
540 1673 666 1752 rigescit
700 1673 847 1752 nigerque
876 1668 987 1732 evadit.
1049 1668 1170 1729 Ostiola
1196 1672 1322 1746 staturi,

312 1789 459 1846 tenuitate
478 1803 515 1844 ac
535 1781 707 1845 directione
730 1783 867 1844 ludentia
892 1783 1055 1864 aliquoties
1074 1781 1162 1844 vslde
1183 1782 1324 1865 elongata
1390 1763 1406 1863 ⁵,

313 1898 461 1979 situulque
482 1911 603 1957 setacea
622 1915 659 1956 ac
679 1895 816 1958 flexuosa
834 1894 925 1956 nobis
946 1901 1028 1958 viss:
1057 1911 1090 1957 et
1109 1901 1141 1956 in
1162 1896 1222 1957 liic
1243 1917 1323 1980 quo-

312 2029 372 2093 que
393 2013 498 2091 specie
518 2007 674 2090 globulum
697 2005 810 2086 (Stilbi
830 2009 997 2088 capitulum
1018 2011 1239 2088 mentientem)
1261 2013 1323 2070 cir·

311 2123 469 2185 rhulmnve
488 2133 508 2183 'e
528 2119 710 2202 mucilagine
737 2119 894 2182 timefacta
921 2120 1097 2182 llavitlulum
1117 2125 1207 2204 apice
1229 2139 1322 2202 saepe

311 2240 460 2320 gestantia
483 2257 559 2294 cera
587 2251 658 2296 sese
695 2237 774 2294 ostia
807 2237 934 2296 seminis
969 2238 1128 2296 emissioni
1161 2233 1322 2310 destinata

310 2371 373 2412 nec
399 2351 503 2432 spuria
527 2369 564 2410 ex
592 2347 660 2428 ipsi
685 2345 813 2427 galatica
834 2345 1006 2408 seminifera
1028 2347 1232 2429 appendicula
1253 2367 1323 2414 esse

312 2461 505 2524 conlinuant.
525 2491 568 2508 -
585 2459 769 2543 Myccpbila
795 2465 919 2540 species
946 2459 1122 2520 Balarorum
1142 2465 1323 2543 praesertim

311 2575 367 2654 (B.
389 2573 506 2646 adiuti,
529 2573 719 2634 versicoloris
739 2575 822 2652 etc.)
843 2589 1001 2657 utramque
1017 2578 1178 2654 paginam,
1200 2574 1322 2634 inden-

310 2693 448 2751 sissimns
476 2691 590 2770 passim
618 2685 764 2748 cohortes
796 2700 971 2767 aggregata,
1007 2684 1141 2747 obsidet.
1193 2687 1323 2748 Minime

311 2799 489 2884 infrequens
509 2802 603 2862 Mart.
626 2801 704 2881 Apr.
725 2803 825 2860 rarior
846 2797 908 2880 jam
927 2799 1026 2860 Maio.

328 2955 332 2962 v
390 2911 439 2996 89.
473 2917 505 2974 S.
535 2916 693 2976 stricta.

310 3027 421 3108 Rigida
442 3025 566 3087 demum
587 3041 620 3086 et
634 3023 775 3106 ¹fragilis,
804 3023 888 3084 unde
915 3023 1028 3085 ostiola
1055 3023 1210 3086 interdum
1231 3029 1324 3086 semi·

311 3138 409 3200 fracta
429 3153 609 3200 occurrunt.
651 3138 689 3198 ln
707 3137 859 3219 lignorum
880 3135 1016 3198 frustulis
1037 3141 1147 3213 siccis,
1178 3138 1235 3200 sed
1255 3159 1324 3221 par·

311 3235 398 3325 cior,
420 3251 597 3314 hincinde.
638 3251 765 3312 Aestate
787 3267 819 3311 et
837 3227 996 3312 autumno.

388 3365 439 3446 9'0.
473 3367 506 3428 S.
536 3363 733 3426 clrrbosa.

588 3500 620 3551 α,
644 3479 737 3557 nr'gm

488 3641 492 3648 .
586 3589 647 3668 aa
664 3584 759 3677 tusca

314 3701 432 3762 Osticln
451 3701 619 3780 admodum
642 3703 750 3776 sardio,
778 3699 1023 3784 superficialibus
1052 3704 1224 3782 conspicua
1243 3701 1325 3764 valli-

311 3813 370 3877 bus
390 3813 530 3896 jugisque
557 3792 662 3894 (ttbde
688 3817 794 3897 spuria
814 3814 975 3890 videntur,
1004 3813 1045 3876 cl.
1074 3815 1116 3876 N.
1138 3791 1231 3893 88),
1268 3815 1326 3876 sed

309 3925 437 4008 glabro:
465 3926 644 4010 sphaerulae
663 3927 733 3990 villo
754 3927 886 4010 quodam
906 3927 993 3988 brevi
1012 3927 1213 4008 lanuginem,
1236 3945 1326 4007 spar-

311 4045 369 4100 sim
395 4044 427 4100 in
455 4039 577 4102 cirrhos
602 4040 759 4103 flexuosos
787 4041 870 4124 ligno
897 4041 984 4102 molli
1003 4045 1230 4120 interrepentes
1250 4060 1324 4121 pro-

242 4151 248 4159 '
292 4154 455 4235 longeio,
475 4152 645 4215 -obducte'e
665 4187 706 4202 -
726 4169 865 4214 ceterum
893 4157 1008 4235 passim
1029 4167 1225 4234 aggregatae,
1248 4153 1326 4234 'pas-

310 4270 369 4328 sim
389 4265 587 4338 seminudae,
620 4267 803 4349 plerumque
833 4281 935 4328 tamen
954 4285 1079 4347 sparsae
1102 4280 1246 4348 totaeque
1267 4270 1326 4325 im-

227 4361 230 4366 ’
310 4397 441 4440 mersae.
498 4379 590 4460 Eligit
624 4379 683 4441 sibi
714 4381 793 4462 ligna
816 4379 974 4440 humentia
1000 4379 1166 4459 putredine
1191 4378 1327 4440 emollita

310 4494 451 4574 inprimis
477 4493 567 4572 pinea
584 4507 621 4554 et
642 4489 790 4573 abiegna,
829 4513 906 4574 quae
934 4495 1112 4574 neutiquam
1142 4512 1210 4554 rara
1235 4495 1326 4552 inco·
