<?xml version="1.0" encoding="UTF-8"?>
<!DOCTYPE html PUBLIC "-//W3C//DTD XHTML 1.0 Transitional//EN"
    "http://www.w3.org/TR/xhtml1/DTD/xhtml1-transitional.dtd">
<html xmlns="http://www.w3.org/1999/xhtml" xml:lang="en" lang="en">
 <head>
  <title>
</title>
<meta http-equiv="Content-Type" content="text/html;charset=utf-8" />
  <meta name='ocr-system' content='tesseract 3.04.00' />
  <meta name='ocr-capabilities' content='ocr_page ocr_carea ocr_par ocr_line ocrx_word'/>
</head>
<body>
  <div class='ocr_page' id='page_1' title='image "./conspectusfungo00persgoog_0070.png"; bbox 0 0 3528 5482; ppageno 0'>
   <div class='ocr_carea' id='block_1_1' title="bbox 714 679 1306 738">
    <p class='ocr_par' dir='ltr' id='par_1_1' title="bbox 714 679 1306 738">
     <span class='ocr_line' id='line_1_1' title="bbox 714 679 1306 738; baseline -0.002 1"><span class='ocrx_word' id='word_1_1' title='bbox 714 691 891 708; x_wconf 88' lang='grc'><em>“··“““··““·</em></span> <span class='ocrx_word' id='word_1_2' title='bbox 1286 679 1306 738; x_wconf 83' lang='grc'><strong>9</strong></span> 
     </span>
    </p>
   </div>
   <div class='ocr_carea' id='block_1_2' title="bbox 288 835 1309 3063">
    <p class='ocr_par' dir='ltr' id='par_1_2' title="bbox 288 835 1308 2498">
     <span class='ocr_line' id='line_1_2' title="bbox 288 835 1306 920; baseline -0.004 -18"><span class='ocrx_word' id='word_1_3' title='bbox 288 847 322 902; x_wconf 85' lang='lat' dir='ltr'><strong>in</strong></span> <span class='ocrx_word' id='word_1_4' title='bbox 342 841 506 902; x_wconf 80' lang='lat' dir='ltr'><strong>manifeste</strong></span> <span class='ocrx_word' id='word_1_5' title='bbox 527 839 649 898; x_wconf 83' lang='lat' dir='ltr'><strong>estomis</strong></span> <span class='ocrx_word' id='word_1_6' title='bbox 675 835 890 898; x_wconf 84' lang='lat' dir='ltr'><strong>difficillimum</strong></span> <span class='ocrx_word' id='word_1_7' title='bbox 911 842 951 898; x_wconf 91' lang='lat' dir='ltr'><strong>sit</strong></span> <span class='ocrx_word' id='word_1_8' title='bbox 971 839 1151 920; x_wconf 74' lang='lat' dir='ltr'><strong>explicatu).</strong></span> <span class='ocrx_word' id='word_1_9' title='bbox 1195 838 1306 900; x_wconf 77' lang='lat' dir='ltr'><strong>Crustu</strong></span> 
     </span>
     <span class='ocr_line' id='line_1_3' title="bbox 290 950 1308 1034; baseline -0.001 -19"><span class='ocrx_word' id='word_1_10' title='bbox 290 959 469 1016; x_wconf 82' lang='lat' dir='ltr'><strong>tenuissime</strong></span> <span class='ocrx_word' id='word_1_11' title='bbox 489 957 593 1034; x_wconf 72' lang='lat' dir='ltr'><strong>nigm,</strong></span> <span class='ocrx_word' id='word_1_12' title='bbox 616 955 664 1010; x_wconf 83' lang='lat' dir='ltr'><strong>vir</strong></span> <span class='ocrx_word' id='word_1_13' title='bbox 684 966 801 1008; x_wconf 82' lang='lat' dir='ltr'><strong>struma</strong></span> <span class='ocrx_word' id='word_1_14' title='bbox 822 950 971 1024; x_wconf 81' lang='lat' dir='ltr'><strong>dicenda,</strong></span> <span class='ocrx_word' id='word_1_15' title='bbox 993 967 1133 1012; x_wconf 84' lang='lat' dir='ltr'><strong>tomento</strong></span> <span class='ocrx_word' id='word_1_16' title='bbox 1149 952 1201 1012; x_wconf 90' lang='lat' dir='ltr'><strong>illo</strong></span> <span class='ocrx_word' id='word_1_17' title='bbox 1216 953 1308 1014; x_wconf 89' lang='lat' dir='ltr'><strong>viridi</strong></span> 
     </span>
     <span class='ocr_line' id='line_1_4' title="bbox 290 1061 1304 1145; baseline -0.001 -19"><span class='ocrx_word' id='word_1_18' title='bbox 290 1068 337 1128; x_wconf 89' lang='lat' dir='ltr'><strong>vel</strong></span> <span class='ocrx_word' id='word_1_19' title='bbox 363 1081 465 1140; x_wconf 80' lang='lat' dir='ltr'><strong>tecte,</strong></span> <span class='ocrx_word' id='word_1_20' title='bbox 494 1065 543 1126; x_wconf 92' lang='lat' dir='ltr'><strong>vel</strong></span> <span class='ocrx_word' id='word_1_21' title='bbox 568 1085 606 1124; x_wconf 85' lang='lat' dir='ltr'><strong>ex</strong></span> <span class='ocrx_word' id='word_1_22' title='bbox 631 1083 670 1126; x_wconf 87' lang='lat' dir='ltr'><strong>eo</strong></span> <span class='ocrx_word' id='word_1_23' title='bbox 696 1069 769 1144; x_wconf 87' lang='lat' dir='ltr'><strong>ipso</strong></span> <span class='ocrx_word' id='word_1_24' title='bbox 796 1061 907 1124; x_wconf 88' lang='lat' dir='ltr'><strong>subtus</strong></span> <span class='ocrx_word' id='word_1_25' title='bbox 934 1067 1131 1145; x_wconf 80' lang='lat' dir='ltr'>nigrescente</span> <span class='ocrx_word' id='word_1_26' title='bbox 1151 1063 1304 1125; x_wconf 79' lang='lat' dir='ltr'><strong>conflata:</strong></span> 
     </span>
     <span class='ocr_line' id='line_1_5' title="bbox 289 1179 1306 1260; baseline 0 -22"><span class='ocrx_word' id='word_1_27' title='bbox 289 1179 329 1239; x_wconf 85' lang='lat' dir='ltr'><strong>sd</strong></span> <span class='ocrx_word' id='word_1_28' title='bbox 361 1184 534 1240; x_wconf 82' lang='lat' dir='ltr'>sectionem</span> <span class='ocrx_word' id='word_1_29' title='bbox 571 1191 754 1260; x_wconf 82' lang='lat' dir='ltr'><strong>sequentem</strong></span> <span class='ocrx_word' id='word_1_30' title='bbox 785 1181 958 1257; x_wconf 82' lang='lat' dir='ltr'><strong>pertineret</strong></span> <span class='ocrx_word' id='word_1_31' title='bbox 985 1181 1109 1256; x_wconf 88' lang='lat' dir='ltr'><strong>species</strong></span> <span class='ocrx_word' id='word_1_32' title='bbox 1135 1194 1306 1238; x_wconf 78' lang='lat' dir='ltr'><strong>memoratu</strong></span> 
     </span>
     <span class='ocr_line' id='line_1_6' title="bbox 289 1287 1308 1374; baseline 0.002 -24"><span class='ocrx_word' id='word_1_33' title='bbox 289 1291 400 1374; x_wconf 79' lang='lat' dir='ltr'><strong>digne,</strong></span> <span class='ocrx_word' id='word_1_34' title='bbox 421 1297 454 1350; x_wconf 90' lang='lat' dir='ltr'><strong>ni</strong></span> <span class='ocrx_word' id='word_1_35' title='bbox 473 1289 605 1352; x_wconf 83' lang='lat' dir='ltr'><strong>affinitas</strong></span> <span class='ocrx_word' id='word_1_36' title='bbox 626 1290 775 1372; x_wconf 81' lang='lat' dir='ltr'><strong>quaedem</strong></span> <span class='ocrx_word' id='word_1_37' title='bbox 796 1289 941 1350; x_wconf 75' lang='lat' dir='ltr'><strong>naturalis</strong></span> <span class='ocrx_word' id='word_1_38' title='bbox 962 1309 1034 1350; x_wconf 88' lang='lat' dir='ltr'><strong>cum</strong></span> <span class='ocrx_word' id='word_1_39' title='bbox 1055 1287 1088 1350; x_wconf 89' lang='lat' dir='ltr'><strong>S.</strong></span> <span class='ocrx_word' id='word_1_40' title='bbox 1104 1291 1216 1348; x_wconf 73' lang='lat' dir='ltr'><strong>citrini</strong></span> <span class='ocrx_word' id='word_1_41' title='bbox 1231 1296 1308 1352; x_wconf 89' lang='lat' dir='ltr'><strong>eius·</strong></span> 
     </span>
     <span class='ocr_line' id='line_1_7' title="bbox 290 1402 1306 1486; baseline 0.002 -22"><span class='ocrx_word' id='word_1_42' title='bbox 290 1417 351 1485; x_wconf 83' lang='lat' dir='ltr'><strong>que</strong></span> <span class='ocrx_word' id='word_1_43' title='bbox 378 1409 519 1486; x_wconf 83' lang='lat' dir='ltr'><strong>cognatis</strong></span> <span class='ocrx_word' id='word_1_44' title='bbox 544 1404 616 1464; x_wconf 87' lang='lat' dir='ltr'><strong>inde</strong></span> <span class='ocrx_word' id='word_1_45' title='bbox 643 1422 710 1462; x_wconf 86' lang='lat' dir='ltr'><strong>esm</strong></span> <span class='ocrx_word' id='word_1_46' title='bbox 737 1421 844 1462; x_wconf 82' lang='lat' dir='ltr'><strong>escere</strong></span> <span class='ocrx_word' id='word_1_47' title='bbox 876 1402 1041 1463; x_wconf 84' lang='lat' dir='ltr'><strong>videretur.</strong></span> <span class='ocrx_word' id='word_1_48' title='bbox 1088 1402 1125 1462; x_wconf 94' lang='lat' dir='ltr'><strong>ln</strong></span> <span class='ocrx_word' id='word_1_49' title='bbox 1150 1410 1306 1466; x_wconf 78' lang='lat' dir='ltr'>muscosis</span> 
     </span>
     <span class='ocr_line' id='line_1_8' title="bbox 289 1514 1304 1597; baseline 0.003 -21"><span class='ocrx_word' id='word_1_50' title='bbox 289 1516 445 1578; x_wconf 87' lang='lat' dir='ltr'><strong>umbrosis</strong></span> <span class='ocrx_word' id='word_1_51' title='bbox 484 1515 634 1597; x_wconf 78' lang='lat' dir='ltr'><strong>abiegnis.</strong></span> <span class='ocrx_word' id='word_1_52' title='bbox 699 1515 839 1576; x_wconf 82' lang='lat' dir='ltr'><strong>sterilem</strong></span> <span class='ocrx_word' id='word_1_53' title='bbox 877 1515 1037 1596; x_wconf 76' lang='lat' dir='ltr'><strong>aliquoties</strong></span> <span class='ocrx_word' id='word_1_54' title='bbox 1073 1514 1304 1586; x_wconf 84' lang='lat' dir='ltr'><strong>observavimus</strong></span> 
     </span>
     <span class='ocr_line' id='line_1_9' title="bbox 289 1627 958 1710; baseline 0 -22"><span class='ocrx_word' id='word_1_55' title='bbox 289 1629 447 1710; x_wconf 80' lang='lat' dir='ltr'><strong>Augusto:</strong></span> <span class='ocrx_word' id='word_1_56' title='bbox 469 1629 601 1688; x_wconf 83' lang='lat' dir='ltr'><strong>fertilem</strong></span> <span class='ocrx_word' id='word_1_57' title='bbox 622 1643 751 1690; x_wconf 83' lang='lat' dir='ltr'><strong>exeunte</strong></span> <span class='ocrx_word' id='word_1_58' title='bbox 772 1627 958 1710; x_wconf 84' lang='lat' dir='ltr'><strong>Septembri.</strong></span> 
     </span>
     <span class='ocr_line' id='line_1_10' title="bbox 369 1743 733 1819; baseline -0.005 -17"><span class='ocrx_word' id='word_1_59' title='bbox 369 1748 419 1819; x_wconf 75' lang='lat' dir='ltr'><strong>sii.</strong></span> <span class='ocrx_word' id='word_1_60' title='bbox 453 1743 485 1802; x_wconf 89' lang='lat' dir='ltr'><strong>S.</strong></span> <span class='ocrx_word' id='word_1_61' title='bbox 515 1746 693 1802; x_wconf 86' lang='lat' dir='ltr'><strong>insitiva.</strong></span> <span class='ocrx_word' id='word_1_62' title='bbox 725 1749 733 1777; x_wconf 74' lang='lat'>⁸</span> 
     </span>
     <span class='ocr_line' id='line_1_11' title="bbox 288 1852 1305 1936; baseline 0.001 -22"><span class='ocrx_word' id='word_1_63' title='bbox 288 1852 375 1914; x_wconf 85' lang='lat' dir='ltr'><strong>Inter</strong></span> <span class='ocrx_word' id='word_1_64' title='bbox 395 1853 560 1913; x_wconf 89' lang='lat' dir='ltr'><strong>hortorum</strong></span> <span class='ocrx_word' id='word_1_65' title='bbox 574 1852 795 1934; x_wconf 84' lang='lat' dir='ltr'><strong>rejectamenta</strong></span> <span class='ocrx_word' id='word_1_66' title='bbox 810 1857 843 1912; x_wconf 90' lang='lat' dir='ltr'><strong>in</strong></span> <span class='ocrx_word' id='word_1_67' title='bbox 860 1858 1021 1916; x_wconf 80' lang='lat' dir='ltr'><strong>sarmentis</strong></span> <span class='ocrx_word' id='word_1_68' title='bbox 1037 1853 1114 1914; x_wconf 82' lang='lat' dir='ltr'><strong>Vitis</strong></span> <span class='ocrx_word' id='word_1_69' title='bbox 1128 1853 1305 1936; x_wconf 84' lang='lat' dir='ltr'><strong>jamdudum</strong></span> 
     </span>
     <span class='ocr_line' id='line_1_12' title="bbox 289 1967 1303 2048; baseline 0.003 -22"><span class='ocrx_word' id='word_1_70' title='bbox 289 1971 440 2028; x_wconf 86' lang='lat' dir='ltr'><strong>emortuis</strong></span> <span class='ocrx_word' id='word_1_71' title='bbox 460 1986 519 2046; x_wconf 89' lang='lat' dir='ltr'><strong>per</strong></span> <span class='ocrx_word' id='word_1_72' title='bbox 539 1979 637 2026; x_wconf 90' lang='lat' dir='ltr'><strong>totum</strong></span> <span class='ocrx_word' id='word_1_73' title='bbox 657 1987 770 2026; x_wconf 86' lang='lat' dir='ltr'><strong>annmn</strong></span> <span class='ocrx_word' id='word_1_74' title='bbox 790 1970 967 2048; x_wconf 82' lang='lat' dir='ltr'><strong>neutiquam</strong></span> <span class='ocrx_word' id='word_1_75' title='bbox 987 1987 1072 2027; x_wconf 81' lang='lat' dir='ltr'><strong>rara:</strong></span> <span class='ocrx_word' id='word_1_76' title='bbox 1107 1967 1164 2028; x_wconf 86' lang='lat' dir='ltr'><strong>sed</strong></span> <span class='ocrx_word' id='word_1_77' title='bbox 1189 1970 1303 2042; x_wconf 86' lang='lat' dir='ltr'><strong>senilis,</strong></span> 
     </span>
     <span class='ocr_line' id='line_1_13' title="bbox 288 2077 1307 2160; baseline 0.002 -22"><span class='ocrx_word' id='word_1_78' title='bbox 288 2079 355 2139; x_wconf 83' lang='lat' dir='ltr'><strong>uelo</strong></span> <span class='ocrx_word' id='word_1_79' title='bbox 376 2077 573 2151; x_wconf 81' lang='lat' dir='ltr'><strong>oblitterato,</strong></span> <span class='ocrx_word' id='word_1_80' title='bbox 596 2095 741 2137; x_wconf 79' lang='lat' dir='ltr'><strong>stromate</strong></span> <span class='ocrx_word' id='word_1_81' title='bbox 761 2079 850 2141; x_wconf 89' lang='lat' dir='ltr'><strong>simul</strong></span> <span class='ocrx_word' id='word_1_82' title='bbox 870 2077 1086 2152; x_wconf 85' lang='lat' dir='ltr'><strong>luscescente,</strong></span> <span class='ocrx_word' id='word_1_83' title='bbox 1109 2099 1168 2140; x_wconf 86' lang='lat' dir='ltr'><strong>nec</strong></span> <span class='ocrx_word' id='word_1_84' title='bbox 1189 2085 1307 2160; x_wconf 82' lang='lat' dir='ltr'><strong>integra</strong></span> 
     </span>
     <span class='ocr_line' id='line_1_14' title="bbox 288 2191 1306 2274; baseline -0.001 -23"><span class='ocrx_word' id='word_1_85' title='bbox 288 2211 349 2253; x_wconf 90' lang='lat' dir='ltr'><strong>nec</strong></span> <span class='ocrx_word' id='word_1_86' title='bbox 370 2195 526 2274; x_wconf 81' lang='lat' dir='ltr'><strong>perscissa</strong></span> <span class='ocrx_word' id='word_1_87' title='bbox 546 2195 579 2250; x_wconf 91' lang='lat' dir='ltr'><strong>in</strong></span> <span class='ocrx_word' id='word_1_88' title='bbox 600 2191 708 2254; x_wconf 77' lang='lat' dir='ltr'><strong>oculos</strong></span> <span class='ocrx_word' id='word_1_89' title='bbox 728 2191 817 2254; x_wconf 78' lang='lat' dir='ltr'><strong>vulda</strong></span> <span class='ocrx_word' id='word_1_90' title='bbox 843 2195 981 2252; x_wconf 84' lang='lat' dir='ltr'><strong>incurrit.</strong></span> <span class='ocrx_word' id='word_1_91' title='bbox 1028 2194 1123 2253; x_wconf 81' lang='lat' dir='ltr'><strong>laete</strong></span> <span class='ocrx_word' id='word_1_92' title='bbox 1151 2195 1306 2272; x_wconf 84' lang='lat' dir='ltr'><strong>vigentem</strong></span> 
     </span>
     <span class='ocr_line' id='line_1_15' title="bbox 288 2303 576 2365; baseline 0 -1"><span class='ocrx_word' id='word_1_93' title='bbox 288 2303 451 2365; x_wconf 74' lang='lat' dir='ltr'><strong>habuimus</strong></span> <span class='ocrx_word' id='word_1_94' title='bbox 470 2307 576 2364; x_wconf 68' lang='lat' dir='ltr'><strong>iunio.</strong></span> 
     </span>
     <span class='ocr_line' id='line_1_16' title="bbox 368 2417 691 2498; baseline -0.003 -19"><span class='ocrx_word' id='word_1_95' title='bbox 368 2417 418 2479; x_wconf 75' lang='lat'><strong>25.</strong></span> <span class='ocrx_word' id='word_1_96' title='bbox 452 2420 484 2478; x_wconf 86' lang='lat' dir='ltr'><strong>S.</strong></span> <span class='ocrx_word' id='word_1_97' title='bbox 511 2435 691 2498; x_wconf 87' lang='lat' dir='ltr'><strong>serpens.</strong></span> 
     </span>
    </p>

    <p class='ocr_par' dir='ltr' id='par_1_3' title="bbox 567 2527 724 2618">
     <span class='ocr_line' id='line_1_17' title="bbox 567 2527 724 2618; baseline -0.019 -27"><span class='ocrx_word' id='word_1_98' title='bbox 567 2553 599 2604; x_wconf 83' lang='grc' dir='ltr'><strong>α,</strong></span> <span class='ocrx_word' id='word_1_99' title='bbox 623 2527 724 2618; x_wconf 79' lang='lat' dir='ltr'><strong>effusa</strong></span> 
     </span>
    </p>

    <p class='ocr_par' dir='ltr' id='par_1_4' title="bbox 567 2639 846 2719">
     <span class='ocr_line' id='line_1_18' title="bbox 567 2639 846 2719; baseline -0.004 -16"><span class='ocrx_word' id='word_1_100' title='bbox 567 2641 603 2719; x_wconf 84' lang='grc' dir='ltr'><strong>β,</strong></span> <span class='ocrx_word' id='word_1_101' title='bbox 626 2639 846 2704; x_wconf 72' lang='lat' dir='ltr'><strong>lumbricoiaeies.</strong></span> 
     </span>
    </p>

    <p class='ocr_par' dir='ltr' id='par_1_5' title="bbox 289 2753 1309 3063">
     <span class='ocr_line' id='line_1_19' title="bbox 565 2753 807 2837; baseline 0.004 -24"><span class='ocrx_word' id='word_1_102' title='bbox 565 2775 619 2837; x_wconf 71' lang='grc' dir='ltr'><strong>γγ,</strong></span> <span class='ocrx_word' id='word_1_103' title='bbox 644 2753 807 2814; x_wconf 66' lang='lat' dir='ltr'><strong>ebulliens</strong></span> 
     </span>
     <span class='ocr_line' id='line_1_20' title="bbox 292 2865 1306 2956; baseline 0.002 -30"><span class='ocrx_word' id='word_1_104' title='bbox 292 2889 324 2940; x_wconf 82' lang='lat' dir='ltr'><strong>a,</strong></span> <span class='ocrx_word' id='word_1_105' title='bbox 347 2872 380 2926; x_wconf 92' lang='lat' dir='ltr'><strong>in</strong></span> <span class='ocrx_word' id='word_1_106' title='bbox 400 2871 519 2928; x_wconf 80' lang='lat' dir='ltr'><strong>nuncis</strong></span> <span class='ocrx_word' id='word_1_107' title='bbox 547 2867 675 2948; x_wconf 82' lang='lat' dir='ltr'><strong>lignisve</strong></span> <span class='ocrx_word' id='word_1_108' title='bbox 701 2871 794 2929; x_wconf 87' lang='lat' dir='ltr'><strong>siccis</strong></span> <span class='ocrx_word' id='word_1_109' title='bbox 822 2865 966 2926; x_wconf 87' lang='lat' dir='ltr'><strong>arborum</strong></span> <span class='ocrx_word' id='word_1_110' title='bbox 985 2865 1205 2956; x_wconf 69' lang='lat' dir='ltr'><strong>frondosarum</strong></span> <span class='ocrx_word' id='word_1_111' title='bbox 1224 2865 1306 2928; x_wconf 86' lang='lat' dir='ltr'><strong>lmud</strong></span> 
     </span>
     <span class='ocr_line' id='line_1_21' title="bbox 289 2971 1309 3063; baseline 0.001 -24"><span class='ocrx_word' id='word_1_112' title='bbox 289 2975 487 3063; x_wconf 81' lang='lat' dir='ltr'><strong>infrequens,</strong></span> <span class='ocrx_word' id='word_1_113' title='bbox 509 2977 595 3040; x_wconf 82' lang='lat' dir='ltr'><strong>libris</strong></span> <span class='ocrx_word' id='word_1_114' title='bbox 615 2981 724 3062; x_wconf 80' lang='lat' dir='ltr'><strong>ligneis</strong></span> <span class='ocrx_word' id='word_1_115' title='bbox 746 2979 934 3062; x_wconf 81' lang='lat' dir='ltr'><strong>quaudoque</strong></span> <span class='ocrx_word' id='word_1_116' title='bbox 953 2983 1130 3040; x_wconf 81' lang='lat' dir='ltr'><strong>intertexta:</strong></span> <span class='ocrx_word' id='word_1_117' title='bbox 1152 2971 1187 3054; x_wconf 81' lang='grc' dir='ltr'><strong>β,</strong></span> <span class='ocrx_word' id='word_1_118' title='bbox 1203 2999 1309 3040; x_wconf 82' lang='lat' dir='ltr'><strong>cever-</strong></span> 
     </span>
    </p>
   </div>
   <div class='ocr_carea' id='block_1_3' title="bbox 203 3091 1306 3172">
    <p class='ocr_par' dir='ltr' id='par_1_6' title="bbox 203 3091 1306 3172">
     <span class='ocr_line' id='line_1_22' title="bbox 203 3091 1306 3172; baseline 0.001 -18"><span class='ocrx_word' id='word_1_119' title='bbox 203 3157 207 3164; x_wconf 69' lang='grc'><em>,</em></span> <span class='ocrx_word' id='word_1_120' title='bbox 290 3091 430 3154; x_wconf 76' lang='lat' dir='ltr'><strong>numm</strong></span> <span class='ocrx_word' id='word_1_121' title='bbox 450 3097 529 3152; x_wconf 82' lang='lat' dir='ltr'><strong>intra</strong></span> <span class='ocrx_word' id='word_1_122' title='bbox 550 3092 666 3154; x_wconf 82' lang='lat' dir='ltr'><strong>Salices</strong></span> <span class='ocrx_word' id='word_1_123' title='bbox 685 3113 775 3155; x_wconf 82' lang='lat' dir='ltr'><strong>cavus</strong></span> <span class='ocrx_word' id='word_1_124' title='bbox 795 3111 919 3166; x_wconf 85' lang='lat' dir='ltr'><strong>amans,</strong></span> <span class='ocrx_word' id='word_1_125' title='bbox 955 3091 996 3152; x_wconf 87' lang='lat' dir='ltr'><strong>ed</strong></span> <span class='ocrx_word' id='word_1_126' title='bbox 1016 3092 1220 3172; x_wconf 81' lang='lat' dir='ltr'><strong>epithematu,</strong></span> <span class='ocrx_word' id='word_1_127' title='bbox 1243 3095 1306 3156; x_wconf 84' lang='lat' dir='ltr'><strong>imo</strong></span> 
     </span>
    </p>
   </div>
   <div class='ocr_carea' id='block_1_4' title="bbox 289 3202 1389 4300">
    <p class='ocr_par' dir='ltr' id='par_1_7' title="bbox 289 3202 1389 3505">
     <span class='ocr_line' id='line_1_23' title="bbox 290 3202 1309 3288; baseline 0.001 -24"><span class='ocrx_word' id='word_1_128' title='bbox 290 3205 417 3286; x_wconf 89' lang='lat' dir='ltr'><strong>pedem,</strong></span> <span class='ocrx_word' id='word_1_129' title='bbox 439 3225 671 3288; x_wconf 80' lang='lat' dir='ltr'><strong>nonnumquam</strong></span> <span class='ocrx_word' id='word_1_130' title='bbox 686 3205 845 3288; x_wconf 80' lang='lat' dir='ltr'><strong>elongata:</strong></span> <span class='ocrx_word' id='word_1_131' title='bbox 867 3225 921 3287; x_wconf 79' lang='grc' dir='ltr'><strong>γγ,</strong></span> <span class='ocrx_word' id='word_1_132' title='bbox 937 3209 1048 3280; x_wconf 81' lang='lat' dir='ltr'><strong>rarior,</strong></span> <span class='ocrx_word' id='word_1_133' title='bbox 1070 3202 1178 3276; x_wconf 81' lang='lat' dir='ltr'><strong>effuse,</strong></span> <span class='ocrx_word' id='word_1_134' title='bbox 1201 3205 1309 3285; x_wconf 87' lang='lat' dir='ltr'><strong>sphae-</strong></span> 
     </span>
     <span class='ocr_line' id='line_1_24' title="bbox 289 3316 1306 3400; baseline 0 -20"><span class='ocrx_word' id='word_1_135' title='bbox 289 3318 364 3380; x_wconf 84' lang='lat' dir='ltr'><strong>rulis</strong></span> <span class='ocrx_word' id='word_1_136' title='bbox 376 3317 539 3397; x_wconf 80' lang='lat' dir='ltr'><strong>¹nonnullis</strong></span> <span class='ocrx_word' id='word_1_137' title='bbox 560 3323 591 3377; x_wconf 89' lang='lat' dir='ltr'><strong>in</strong></span> <span class='ocrx_word' id='word_1_138' title='bbox 612 3318 708 3381; x_wconf 88' lang='lat' dir='ltr'><strong>bullas</strong></span> <span class='ocrx_word' id='word_1_139' title='bbox 728 3319 842 3380; x_wconf 82' lang='lat' dir='ltr'><strong>inflatis</strong></span> <span class='ocrx_word' id='word_1_140' title='bbox 870 3322 1015 3400; x_wconf 83' lang='lat' dir='ltr'><strong>insignis,</strong></span> <span class='ocrx_word' id='word_1_141' title='bbox 1043 3316 1150 3378; x_wconf 85' lang='lat' dir='ltr'><strong>itidem</strong></span> <span class='ocrx_word' id='word_1_142' title='bbox 1171 3321 1203 3376; x_wconf 89' lang='lat' dir='ltr'><strong>in</strong></span> <span class='ocrx_word' id='word_1_143' title='bbox 1222 3319 1306 3400; x_wconf 78' lang='lat' dir='ltr'><strong>ligno</strong></span> 
     </span>
     <span class='ocr_line' id='line_1_25' title="bbox 290 3405 1389 3505; baseline 0.001 -17"><span class='ocrx_word' id='word_1_144' title='bbox 290 3429 370 3492; x_wconf 83' lang='lat' dir='ltr'><strong>duro</strong></span> <span class='ocrx_word' id='word_1_145' title='bbox 390 3434 544 3492; x_wconf 84' lang='lat' dir='ltr'><strong>exsiccato</strong></span> <span class='ocrx_word' id='word_1_146' title='bbox 564 3429 666 3492; x_wconf 89' lang='lat' dir='ltr'><strong>obvia.</strong></span> <span class='ocrx_word' id='word_1_147' title='bbox 687 3465 728 3480; x_wconf 90' lang='lat'><em>-</em></span> <span class='ocrx_word' id='word_1_148' title='bbox 747 3433 849 3505; x_wconf 87' lang='lat' dir='ltr'><strong>Vere,</strong></span> <span class='ocrx_word' id='word_1_149' title='bbox 872 3447 1032 3491; x_wconf 83' lang='lat' dir='ltr'><strong>autumno.</strong></span> <span class='ocrx_word' id='word_1_150' title='bbox 1292 3405 1297 3410; x_wconf 34' lang='lat'>¹</span> <span class='ocrx_word' id='word_1_151' title='bbox 1388 3434 1389 3442; x_wconf 78' lang='grc'>’</span> 
     </span>
    </p>

    <p class='ocr_par' dir='ltr' id='par_1_8' title="bbox 291 3542 1304 3849">
     <span class='ocr_line' id='line_1_26' title="bbox 371 3542 714 3625; baseline 0.006 -23"><span class='ocrx_word' id='word_1_152' title='bbox 371 3542 420 3625; x_wconf 78' lang='lat'><strong>26,</strong></span> <span class='ocrx_word' id='word_1_153' title='bbox 455 3545 487 3602; x_wconf 91' lang='lat' dir='ltr'><strong>S.</strong></span> <span class='ocrx_word' id='word_1_154' title='bbox 516 3543 714 3604; x_wconf 76' lang='lat' dir='ltr'><strong>undulata.</strong></span> 
     </span>
     <span class='ocr_line' id='line_1_27' title="bbox 292 3653 1304 3737; baseline 0 -22"><span class='ocrx_word' id='word_1_155' title='bbox 292 3653 371 3715; x_wconf 87' lang='lat' dir='ltr'><strong>Cum</strong></span> <span class='ocrx_word' id='word_1_156' title='bbox 392 3655 618 3736; x_wconf 79' lang='lat' dir='ltr'><strong>praecedente,</strong></span> <span class='ocrx_word' id='word_1_157' title='bbox 640 3659 753 3716; x_wconf 80' lang='lat' dir='ltr'><strong>rarior:</strong></span> <span class='ocrx_word' id='word_1_158' title='bbox 775 3675 815 3715; x_wconf 87' lang='lat' dir='ltr'><strong>an</strong></span> <span class='ocrx_word' id='word_1_159' title='bbox 835 3657 933 3736; x_wconf 80' lang='lat' dir='ltr'><strong>specie</strong></span> <span class='ocrx_word' id='word_1_160' title='bbox 953 3654 1190 3737; x_wconf 75' lang='lat' dir='ltr'><strong>distinguenda?</strong></span> <span class='ocrx_word' id='word_1_161' title='bbox 1211 3655 1304 3716; x_wconf 80' lang='lat' dir='ltr'><strong>Mart.</strong></span> 
     </span>
     <span class='ocr_line' id='line_1_28' title="bbox 291 3769 367 3849; baseline 0.013 -23"><span class='ocrx_word' id='word_1_162' title='bbox 291 3769 367 3849; x_wconf 78' lang='lat' dir='ltr'><strong>Aps.</strong></span> 
     </span>
    </p>

    <p class='ocr_par' dir='ltr' id='par_1_9' title="bbox 369 3883 673 3962">
     <span class='ocr_line' id='line_1_29' title="bbox 369 3883 673 3962; baseline -0.003 -20"><span class='ocrx_word' id='word_1_163' title='bbox 369 3901 421 3960; x_wconf 82' lang='lat'><strong>²7·</strong></span> <span class='ocrx_word' id='word_1_164' title='bbox 453 3883 485 3941; x_wconf 90' lang='lat' dir='ltr'><strong>S.</strong></span> <span class='ocrx_word' id='word_1_165' title='bbox 516 3883 673 3962; x_wconf 84' lang='lat' dir='ltr'><strong>stigma.</strong></span> 
     </span>
    </p>

    <p class='ocr_par' dir='ltr' id='par_1_10' title="bbox 567 3991 760 4073">
     <span class='ocr_line' id='line_1_30' title="bbox 567 3991 760 4073; baseline -0.01 -20"><span class='ocrx_word' id='word_1_166' title='bbox 567 4015 599 4066; x_wconf 86' lang='lat' dir='ltr'><strong>u,</strong></span> <span class='ocrx_word' id='word_1_167' title='bbox 621 3991 760 4073; x_wconf 73' lang='lat' dir='ltr'><strong>uulgaris</strong></span> 
     </span>
    </p>

    <p class='ocr_par' dir='ltr' id='par_1_11' title="bbox 290 4103 1309 4300">
     <span class='ocr_line' id='line_1_31' title="bbox 291 4103 1306 4187; baseline 0.001 -23"><span class='ocrx_word' id='word_1_168' title='bbox 291 4105 388 4164; x_wconf 88' lang='lat' dir='ltr'><strong>Color</strong></span> <span class='ocrx_word' id='word_1_169' title='bbox 406 4105 613 4185; x_wconf 78' lang='lat' dir='ltr'><strong>primordialis</strong></span> <span class='ocrx_word' id='word_1_170' title='bbox 634 4119 721 4166; x_wconf 81' lang='lat' dir='ltr'><strong>extus</strong></span> <span class='ocrx_word' id='word_1_171' title='bbox 741 4109 886 4187; x_wconf 88' lang='lat' dir='ltr'><strong>intusque</strong></span> <span class='ocrx_word' id='word_1_172' title='bbox 914 4103 1054 4177; x_wconf 82' lang='lat' dir='ltr'><strong>albidus,</strong></span> <span class='ocrx_word' id='word_1_173' title='bbox 1086 4104 1223 4185; x_wconf 81' lang='lat' dir='ltr'><strong>pellens:</strong></span> <span class='ocrx_word' id='word_1_174' title='bbox 1254 4127 1306 4167; x_wconf 91' lang='lat' dir='ltr'><strong>su·</strong></span> 
     </span>
     <span class='ocr_line' id='line_1_32' title="bbox 290 4216 1309 4300; baseline 0.001 -23"><span class='ocrx_word' id='word_1_175' title='bbox 290 4216 437 4299; x_wconf 80' lang='lat' dir='ltr'><strong>perficies</strong></span> <span class='ocrx_word' id='word_1_176' title='bbox 461 4217 533 4278; x_wconf 89' lang='lat' dir='ltr'><strong>dein</strong></span> <span class='ocrx_word' id='word_1_177' title='bbox 555 4221 736 4290; x_wconf 85' lang='lat' dir='ltr'><strong>cinerascit,</strong></span> <span class='ocrx_word' id='word_1_178' title='bbox 764 4217 813 4278; x_wconf 87' lang='lat' dir='ltr'><strong>vel</strong></span> <span class='ocrx_word' id='word_1_179' title='bbox 841 4218 995 4278; x_wconf 86' lang='lat' dir='ltr'><strong>interdurn</strong></span> <span class='ocrx_word' id='word_1_180' title='bbox 1017 4222 1108 4277; x_wconf 85' lang='lat' dir='ltr'><strong>etiem</strong></span> <span class='ocrx_word' id='word_1_181' title='bbox 1127 4221 1160 4276; x_wconf 88' lang='lat' dir='ltr'><strong>in</strong></span> <span class='ocrx_word' id='word_1_182' title='bbox 1180 4216 1309 4300; x_wconf 81' lang='lat' dir='ltr'><strong>ferrugi-</strong></span> 
     </span>
    </p>
   </div>
   <div class='ocr_carea' id='block_1_5' title="bbox 277 4311 1309 4525">
    <p class='ocr_par' dir='ltr' id='par_1_12' title="bbox 277 4311 1309 4525">
     <span class='ocr_line' id='line_1_33' title="bbox 277 4311 1308 4412; baseline 0.002 -25"><span class='ocrx_word' id='word_1_183' title='bbox 277 4313 384 4390; x_wconf 46' lang='lat' dir='ltr'><strong>‘neutn</strong></span> <span class='ocrx_word' id='word_1_184' title='bbox 403 4335 503 4411; x_wconf 82' lang='lat' dir='ltr'><strong>vergit</strong></span> <span class='ocrx_word' id='word_1_185' title='bbox 529 4363 572 4378; x_wconf 90' lang='lat'><em>-</em></span> <span class='ocrx_word' id='word_1_186' title='bbox 596 4311 680 4391; x_wconf 84' lang='lat' dir='ltr'><strong>unde</strong></span> <span class='ocrx_word' id='word_1_187' title='bbox 700 4349 759 4412; x_wconf 86' lang='lat' dir='ltr'><strong>per</strong></span> <span class='ocrx_word' id='word_1_188' title='bbox 778 4328 900 4392; x_wconf 87' lang='lat' dir='ltr'><strong>fuscum</strong></span> <span class='ocrx_word' id='word_1_189' title='bbox 921 4331 1062 4391; x_wconf 87' lang='lat' dir='ltr'><strong>colorem</strong></span> <span class='ocrx_word' id='word_1_190' title='bbox 1083 4335 1190 4392; x_wconf 74' lang='lat' dir='ltr'><strong>transit</strong></span> <span class='ocrx_word' id='word_1_191' title='bbox 1210 4335 1242 4390; x_wconf 91' lang='lat' dir='ltr'><strong>in</strong></span> <span class='ocrx_word' id='word_1_192' title='bbox 1262 4335 1308 4390; x_wconf 91' lang='lat' dir='ltr'><strong>ni-</strong></span> 
     </span>
     <span class='ocr_line' id='line_1_34' title="bbox 289 4442 1309 4525; baseline 0.002 -23"><span class='ocrx_word' id='word_1_193' title='bbox 289 4461 390 4524; x_wconf 82' lang='lat' dir='ltr'><strong>grum.</strong></span> <span class='ocrx_word' id='word_1_194' title='bbox 433 4445 490 4504; x_wconf 88' lang='lat' dir='ltr'><strong>Est</strong></span> <span class='ocrx_word' id='word_1_195' title='bbox 510 4465 529 4505; x_wconf 90' lang='lat' dir='ltr'><strong>e</strong></span> <span class='ocrx_word' id='word_1_196' title='bbox 551 4443 782 4525; x_wconf 83' lang='lat' dir='ltr'><strong>vulgatissimis,</strong></span> <span class='ocrx_word' id='word_1_197' title='bbox 804 4463 906 4506; x_wconf 80' lang='lat' dir='ltr'><strong>remos</strong></span> <span class='ocrx_word' id='word_1_198' title='bbox 926 4443 1071 4504; x_wconf 85' lang='lat' dir='ltr'><strong>arbomm</strong></span> <span class='ocrx_word' id='word_1_199' title='bbox 1092 4442 1309 4506; x_wconf 78' lang='lat' dir='ltr'><strong>frondosarum</strong></span> 
     </span>
    </p>
   </div>
   <div class='ocr_carea' id='block_1_6' title="bbox 0 0 1769 5482">
    <p class='ocr_par' dir='ltr' id='par_1_13' title="bbox 0 0 1769 5482">
     <span class='ocr_line' id='line_1_35' title="bbox 0 0 1769 5482; baseline 0 0"><span class='ocrx_word' id='word_1_200' title='bbox 0 0 1769 5482; x_wconf 95' lang='lat' dir='ltr'><strong> </strong></span> 
     </span>
    </p>
   </div>
  </div>
 </body>
</html>
