3518 5486
417 675 471 744 v1

416 875 492 944 lam
520 889 589 944 etc.
624 869 835 970 fungorum
871 895 1030 948 suorum
1063 872 1170 968 copii
1206 871 1430 962 jamdudum

415 1008 586 1080 illustres
611 1046 662 1062 -
687 1008 813 1103 primo
851 1009 913 1080 hio
938 1009 1025 1080 loeo
1055 1007 1294 1080 nominanda
1320 1007 1430 1080 venit
1473 1035 1477 1046 ·

414 1145 525 1213 Purus
556 1142 756 1242 sylvestris,
799 1143 1023 1237 saepissimo
1055 1141 1170 1215 nobis
1208 1141 1430 1237 compendii

414 1277 544 1350 causet
578 1280 688 1348 Pinus
721 1279 802 1352 uur'
835 1267 973 1372 εξοχην
1000 1275 1116 1363 dioto,
1156 1278 1333 1349 omnium
1359 1275 1430 1348 fre·

415 1411 686 1508 quentissims,
732 1411 777 1483 ab
814 1412 1116 1484 antecessoribus
1153 1413 1298 1486 nostris
1334 1411 1429 1484 citra

413 1547 595 1618 meritum
631 1545 861 1634 examinate,
897 1547 1108 1642 specierum
1142 1571 1334 1620 noverum
1367 1571 1430 1643 ep·

414 1680 536 1776 prime
561 1677 685 1754 ferox:
714 1683 785 1776 qui
812 1705 893 1752 non
919 1683 1044 1754 multo
1066 1682 1270 1778 pauperius
1296 1681 1429 1754 existit

415 1817 554 1886 ledum
578 1817 756 1912 palustre,
789 1813 919 1890 frutex
948 1815 1042 1888 olibi
1067 1817 1292 1889 Germaniae
1319 1816 1429 1888 reris·

415 1950 554 2037 simus,
579 1949 693 2024 nobis
715 1953 974 2050 pervulgatus.
1028 1959 1110 2024 Nec
1135 1951 1346 2024 omittendo
1370 1967 1428 2024 est

414 2089 524 2156 Purus
548 2088 668 2182 picea,
696 2086 860 2186 benigne
884 2087 976 2160 item
994 2085 1253 2186 fungillorum
1278 2087 1428 2184 aliquot

413 2219 645 2318 elegantium
660 2245 928 2317 novorumque
943 2223 1085 2294 nutrix.
1100 2260 1153 2278 -
1175 2229 1280 2320 Quae
1294 2221 1426 2296 omnis

413 2327 498 2428 rite.
511 2355 787 2460 consideranti,
823 2357 1002 2452 optusis
1033 2373 1191 2430 naturae
1213 2357 1425 2455 investigo·

414 2489 586 2580 toribus,
620 2490 722 2564 iuter
756 2517 852 2588 quos
887 2493 1109 2586 Steinhuuen'
1134 2493 1328 2588 quondum
1352 2517 1425 2566 no·
1509 2520 1523 2540 ‘

414 2624 484 2700 stri
529 2627 783 2722 Voullon'r'que
829 2629 990 2702 nomine
1041 2629 1146 2728 grati
1195 2627 1426 2726 opponimus

413 2780 560 2851 mente,
601 2761 704 2834 intra
736 2763 849 2835 breve
882 2764 997 2836 lustri
1041 2765 1208 2860 spatium
1245 2765 1424 2862 negotio·

413 2921 572 2992 rumque
598 2897 703 2972 veris
734 2897 1005 2995 impedimenta
1039 2916 1186 2972 tentem
1212 2896 1424 2996 fungorum

412 3033 494 3106 vim
520 3033 720 3106 collectam
747 3030 868 3107 fuisse
893 3034 995 3106 haud
1032 3033 1195 3128 amplius
1224 3033 1318 3106 adeo
1351 3033 1424 3104 mi·

412 3189 499 3238 rum
522 3167 735 3240 videbitur:
761 3192 834 3242 nos
860 3169 991 3265 potius
1015 3167 1256 3256 divitiorum,
1284 3168 1423 3264 quibus

411 3301 600 3402 glorietur
630 3322 727 3376 terre
759 3321 911 3394 nostre,
946 3319 1094 3402 partem
1127 3329 1208 3376 non
1240 3325 1423 3399 spernen-

411 3435 501 3511 dam
531 3439 743 3512 etiamnum
776 3441 902 3512 lutere
922 3441 986 3512 vel
1009 3439 1122 3527 inde,
1158 3437 1262 3536 quod
1284 3435 1424 3532 specie·

409 3545 496 3645 rum
537 3574 738 3648 dubismm
780 3574 954 3674 vestigiis
998 3573 1155 3666 jamjam
1205 3571 1423 3645 insistimus

409 3709 630 3804 permultis,
657 3711 988 3807 persuasissimum
1014 3708 1209 3782 hebemus.

487 3844 560 3918 Sed
588 3843 666 3935 jem
689 3845 738 3916 ud
762 3845 951 3920 rationem
983 3843 1155 3916 methodi
1177 3843 1219 3914 in
1251 3841 1422 3916 consori-

411 3978 538 4050 bendo
571 3978 706 4052 libello
735 3997 977 4078 praeoptatae
1010 3978 1246 4052 reddendum
1270 3976 1422 4049 acreda·

410 4137 506 4186 mus.
560 4119 606 4186 In
639 4117 711 4212 qui
743 4139 791 4188 ne
822 4115 914 4212 quid
940 4113 1178 4209 repetitionis
1204 4108 1421 4208 superfluae

411 4247 690 4338 admitteretur,
725 4251 779 4322 itu
800 4249 940 4322 versati
964 4273 1119 4336 sumus,
1155 4265 1200 4318 ut
1223 4253 1423 4346 Synopseos

408 4383 569 4484 vestigio
596 4409 724 4482 presse
749 4385 890 4474 secuti,
917 4383 1074 4482 eiusque
1099 4379 1288 4456 continuo
1312 4378 1422 4476 qussi
