<?xml version="1.0" encoding="UTF-8"?>
<!DOCTYPE html PUBLIC "-//W3C//DTD XHTML 1.0 Transitional//EN"
    "http://www.w3.org/TR/xhtml1/DTD/xhtml1-transitional.dtd">
<html xmlns="http://www.w3.org/1999/xhtml" xml:lang="en" lang="en">
 <head>
  <title>
</title>
<meta http-equiv="Content-Type" content="text/html;charset=utf-8" />
  <meta name='ocr-system' content='tesseract 3.04.00' />
  <meta name='ocr-capabilities' content='ocr_page ocr_carea ocr_par ocr_line ocrx_word'/>
</head>
<body>
  <div class='ocr_page' id='page_1' title='image "./conspectusfungo00persgoog_0347.png"; bbox 0 0 3468 5486; ppageno 0'>
   <div class='ocr_carea' id='block_1_1' title="bbox 449 699 1049 764">
    <p class='ocr_par' dir='ltr' id='par_1_1' title="bbox 449 699 1049 764">
     <span class='ocr_line' id='line_1_1' title="bbox 449 699 1049 764; baseline -0.002 -11"><span class='ocrx_word' id='word_1_1' title='bbox 449 699 507 764; x_wconf 73' lang='lat'>288</span> <span class='ocrx_word' id='word_1_2' title='bbox 869 737 1049 752; x_wconf 49' lang='lat' dir='ltr'>..m-...-</span> 
     </span>
    </p>
   </div>
   <div class='ocr_carea' id='block_1_2' title="bbox 450 881 1473 1306">
    <p class='ocr_par' dir='ltr' id='par_1_2' title="bbox 450 881 1473 1194">
     <span class='ocr_line' id='line_1_2' title="bbox 450 881 1473 966; baseline -0.002 -20"><span class='ocrx_word' id='word_1_3' title='bbox 450 885 524 947; x_wconf 85' lang='lat' dir='ltr'>dum</span> <span class='ocrx_word' id='word_1_4' title='bbox 550 885 675 946; x_wconf 84' lang='lat' dir='ltr'>humet:</span> <span class='ocrx_word' id='word_1_5' title='bbox 716 898 792 966; x_wconf 88' lang='lat' dir='ltr'>post</span> <span class='ocrx_word' id='word_1_6' title='bbox 828 883 1067 946; x_wconf 76' lang='lat' dir='ltr'>exsiccationem</span> <span class='ocrx_word' id='word_1_7' title='bbox 1095 885 1218 964; x_wconf 83' lang='lat' dir='ltr'>rigens,</span> <span class='ocrx_word' id='word_1_8' title='bbox 1254 881 1379 965; x_wconf 77' lang='lat' dir='ltr'>fragilis.</span> <span class='ocrx_word' id='word_1_9' title='bbox 1422 883 1473 944; x_wconf 76' lang='lat' dir='ltr'>Ad</span> 
     </span>
     <span class='ocr_line' id='line_1_3' title="bbox 451 992 1473 1082; baseline -0.002 -22"><span class='ocrx_word' id='word_1_10' title='bbox 451 1015 575 1062; x_wconf 88' lang='lat' dir='ltr'>truncos</span> <span class='ocrx_word' id='word_1_11' title='bbox 596 998 778 1082; x_wconf 77' lang='lat' dir='ltr'>radicesque</span> <span class='ocrx_word' id='word_1_12' title='bbox 803 1009 1019 1079; x_wconf 70' lang='lat' dir='ltr'>putrescemus</span> <span class='ocrx_word' id='word_1_13' title='bbox 1042 994 1112 1056; x_wconf 81' lang='lat' dir='ltr'>Pt&#39;ui</span> <span class='ocrx_word' id='word_1_14' title='bbox 1129 1009 1163 1056; x_wconf 86' lang='lat' dir='ltr'>et</span> <span class='ocrx_word' id='word_1_15' title='bbox 1180 992 1301 1056; x_wconf 76' lang='lat' dir='ltr'>Abiecit</span> <span class='ocrx_word' id='word_1_16' title='bbox 1320 1000 1354 1058; x_wconf 86' lang='lat' dir='ltr'>in</span> <span class='ocrx_word' id='word_1_17' title='bbox 1373 995 1473 1080; x_wconf 79' lang='lat' dir='ltr'>sylva·</span> 
     </span>
     <span class='ocr_line' id='line_1_4' title="bbox 451 1111 1254 1194; baseline -0.006 -19"><span class='ocrx_word' id='word_1_18' title='bbox 451 1117 520 1176; x_wconf 85' lang='lat' dir='ltr'>ticis</span> <span class='ocrx_word' id='word_1_19' title='bbox 540 1112 656 1194; x_wconf 88' lang='lat' dir='ltr'>ubique</span> <span class='ocrx_word' id='word_1_20' title='bbox 676 1111 818 1194; x_wconf 77' lang='lat' dir='ltr'>vulgaris.</span> <span class='ocrx_word' id='word_1_21' title='bbox 861 1111 922 1172; x_wconf 87' lang='lat' dir='ltr'>Per</span> <span class='ocrx_word' id='word_1_22' title='bbox 942 1123 1043 1170; x_wconf 86' lang='lat' dir='ltr'>totum</span> <span class='ocrx_word' id='word_1_23' title='bbox 1063 1123 1254 1188; x_wconf 61' lang='lat' dir='ltr'>autumatur).</span> 
     </span>
    </p>

    <p class='ocr_par' dir='ltr' id='par_1_3' title="bbox 528 1223 858 1306">
     <span class='ocr_line' id='line_1_5' title="bbox 528 1223 858 1306; baseline -0.018 -18"><span class='ocrx_word' id='word_1_24' title='bbox 528 1226 600 1288; x_wconf 78' lang='lat'>861.</span> <span class='ocrx_word' id='word_1_25' title='bbox 635 1223 671 1286; x_wconf 91' lang='lat' dir='ltr'>C.</span> <span class='ocrx_word' id='word_1_26' title='bbox 698 1243 858 1306; x_wconf 82' lang='lat' dir='ltr'>rugosa.</span> 
     </span>
    </p>
   </div>
   <div class='ocr_carea' id='block_1_3' title="bbox 351 1333 1470 1428">
    <p class='ocr_par' dir='ltr' id='par_1_4' title="bbox 351 1333 1470 1428">
     <span class='ocr_line' id='line_1_6' title="bbox 351 1333 1470 1428; baseline -0.004 -26"><span class='ocrx_word' id='word_1_27' title='bbox 351 1361 354 1370; x_wconf 89' lang='lat'>·</span> <span class='ocrx_word' id='word_1_28' title='bbox 450 1333 638 1428; x_wconf 70' lang='lat' dir='ltr'>&amp;perficies</span> <span class='ocrx_word' id='word_1_29' title='bbox 658 1351 837 1408; x_wconf 82' lang='lat' dir='ltr'>constanter</span> <span class='ocrx_word' id='word_1_30' title='bbox 856 1355 978 1419; x_wconf 83' lang='lat' dir='ltr'>rugosa.</span> <span class='ocrx_word' id='word_1_31' title='bbox 1022 1335 1115 1396; x_wconf 78' lang='lat' dir='ltr'>Romi</span> <span class='ocrx_word' id='word_1_32' title='bbox 1134 1335 1184 1398; x_wconf 84' lang='lat' dir='ltr'>val</span> <span class='ocrx_word' id='word_1_33' title='bbox 1200 1335 1292 1413; x_wconf 88' lang='lat' dir='ltr'>nulli,</span> <span class='ocrx_word' id='word_1_34' title='bbox 1314 1337 1365 1399; x_wconf 81' lang='lat' dir='ltr'>vel</span> <span class='ocrx_word' id='word_1_35' title='bbox 1381 1339 1470 1420; x_wconf 84' lang='lat' dir='ltr'>pauci</span> 
     </span>
    </p>
   </div>
   <div class='ocr_carea' id='block_1_4' title="bbox 389 1447 1472 3354">
    <p class='ocr_par' dir='ltr' id='par_1_5' title="bbox 389 1447 1472 2537">
     <span class='ocr_line' id='line_1_7' title="bbox 448 1447 1471 1537; baseline 0.002 -23"><span class='ocrx_word' id='word_1_36' title='bbox 448 1452 669 1537; x_wconf 81' lang='lat' dir='ltr'>polymorphi‚</span> <span class='ocrx_word' id='word_1_37' title='bbox 692 1457 724 1514; x_wconf 88' lang='lat' dir='ltr'>ln</span> <span class='ocrx_word' id='word_1_38' title='bbox 743 1451 812 1514; x_wconf 85' lang='lat' dir='ltr'>aliis</span> <span class='ocrx_word' id='word_1_39' title='bbox 836 1454 951 1524; x_wconf 82' lang='lat' dir='ltr'>erecti,</span> <span class='ocrx_word' id='word_1_40' title='bbox 973 1447 1182 1524; x_wconf 82' lang='lat' dir='ltr'>eubilexuosi,</span> <span class='ocrx_word' id='word_1_41' title='bbox 1204 1449 1329 1527; x_wconf 87' lang='lat' dir='ltr'>obtusi,</span> <span class='ocrx_word' id='word_1_42' title='bbox 1352 1452 1386 1511; x_wconf 87' lang='lat' dir='ltr'>in</span> <span class='ocrx_word' id='word_1_43' title='bbox 1406 1451 1471 1516; x_wconf 77' lang='lat' dir='ltr'>eliis</span> 
     </span>
     <span class='ocr_line' id='line_1_8' title="bbox 448 1563 1470 1646; baseline -0.003 -17"><span class='ocrx_word' id='word_1_44' title='bbox 448 1571 532 1629; x_wconf 89' lang='lat' dir='ltr'>acuti</span> <span class='ocrx_word' id='word_1_45' title='bbox 552 1566 690 1627; x_wconf 85' lang='lat' dir='ltr'>uncinati</span> <span class='ocrx_word' id='word_1_46' title='bbox 710 1563 859 1638; x_wconf 87' lang='lat' dir='ltr'>secundi,</span> <span class='ocrx_word' id='word_1_47' title='bbox 882 1583 1031 1626; x_wconf 86' lang='lat' dir='ltr'>cornuum</span> <span class='ocrx_word' id='word_1_48' title='bbox 1052 1563 1217 1646; x_wconf 78' lang='lat' dir='ltr'>Antilopcs</span> <span class='ocrx_word' id='word_1_49' title='bbox 1236 1563 1276 1626; x_wconf 80' lang='lat' dir='ltr'>ad</span> <span class='ocrx_word' id='word_1_50' title='bbox 1296 1568 1392 1628; x_wconf 86' lang='lat' dir='ltr'>instar</span> <span class='ocrx_word' id='word_1_51' title='bbox 1411 1579 1470 1627; x_wconf 84' lang='lat' dir='ltr'>etc.</span> 
     </span>
     <span class='ocr_line' id='line_1_9' title="bbox 449 1675 1472 1762; baseline -0.001 -21"><span class='ocrx_word' id='word_1_52' title='bbox 449 1681 526 1742; x_wconf 89' lang='lat' dir='ltr'>Inde</span> <span class='ocrx_word' id='word_1_53' title='bbox 548 1699 637 1741; x_wconf 88' lang='lat' dir='ltr'>unam</span> <span class='ocrx_word' id='word_1_54' title='bbox 658 1678 822 1740; x_wconf 76' lang='lat' dir='ltr'>alteramve</span> <span class='ocrx_word' id='word_1_55' title='bbox 841 1681 1021 1739; x_wconf 77' lang='lat' dir='ltr'>varietatum</span> <span class='ocrx_word' id='word_1_56' title='bbox 1049 1677 1084 1736; x_wconf 88' lang='lat' dir='ltr'>in</span> <span class='ocrx_word' id='word_1_57' title='bbox 1112 1675 1472 1762; x_wconf 77' lang='lat' dir='ltr'>Synopsi&#39;indicstorum</span> 
     </span>
     <span class='ocr_line' id='line_1_10' title="bbox 389 1789 1472 1876; baseline -0.004 -19"><span class='ocrx_word' id='word_1_58' title='bbox 389 1829 391 1838; x_wconf 87' lang='grc'><em>·</em></span> <span class='ocrx_word' id='word_1_59' title='bbox 448 1813 511 1857; x_wconf 84' lang='lat' dir='ltr'>nos</span> <span class='ocrx_word' id='word_1_60' title='bbox 532 1813 658 1876; x_wconf 82' lang='lat' dir='ltr'>quoque</span> <span class='ocrx_word' id='word_1_61' title='bbox 679 1790 844 1874; x_wconf 84' lang='lat' dir='ltr'>possidere</span> <span class='ocrx_word' id='word_1_62' title='bbox 865 1789 1022 1852; x_wconf 86' lang='lat' dir='ltr'>videmur:</span> <span class='ocrx_word' id='word_1_63' title='bbox 1046 1789 1103 1854; x_wconf 87' lang='lat' dir='ltr'>aed</span> <span class='ocrx_word' id='word_1_64' title='bbox 1118 1789 1337 1855; x_wconf 77' lang='lat' dir='ltr'>delinientibus</span> <span class='ocrx_word' id='word_1_65' title='bbox 1351 1791 1472 1856; x_wconf 83' lang='lat' dir='ltr'>descri-</span> 
     </span>
     <span class='ocr_line' id='line_1_11' title="bbox 449 1903 1471 1992; baseline 0 -24"><span class='ocrx_word' id='word_1_66' title='bbox 449 1906 612 1992; x_wconf 72' lang='lat' dir='ltr'>ptionibus</span> <span class='ocrx_word' id='word_1_67' title='bbox 639 1906 716 1966; x_wconf 85' lang='lat' dir='ltr'>certi</span> <span class='ocrx_word' id='word_1_68' title='bbox 742 1903 785 1965; x_wconf 88' lang='lat' dir='ltr'>nil</span> <span class='ocrx_word' id='word_1_69' title='bbox 811 1905 1019 1966; x_wconf 81' lang='lat' dir='ltr'>determinare</span> <span class='ocrx_word' id='word_1_70' title='bbox 1044 1921 1222 1986; x_wconf 82' lang='lat' dir='ltr'>possumus.</span> <span class='ocrx_word' id='word_1_71' title='bbox 1284 1907 1379 1966; x_wconf 81' lang='lat' dir='ltr'>Amat</span> <span class='ocrx_word' id='word_1_72' title='bbox 1403 1906 1471 1968; x_wconf 84' lang='lat' dir='ltr'>loca</span> 
     </span>
     <span class='ocr_line' id='line_1_12' title="bbox 449 2018 1470 2101; baseline -0.005 -18"><span class='ocrx_word' id='word_1_73' title='bbox 449 2019 596 2083; x_wconf 85' lang='lat' dir='ltr'>umbrosa</span> <span class='ocrx_word' id='word_1_74' title='bbox 616 2019 676 2080; x_wconf 87' lang='lat' dir='ltr'>uda</span> <span class='ocrx_word' id='word_1_75' title='bbox 695 2021 869 2100; x_wconf 77' lang='lat' dir='ltr'>gramineae</span> <span class='ocrx_word' id='word_1_76' title='bbox 889 2018 1061 2100; x_wconf 74' lang='lat' dir='ltr'>sylvarum,</span> <span class='ocrx_word' id='word_1_77' title='bbox 1085 2035 1163 2101; x_wconf 85' lang='lat' dir='ltr'>quae</span> <span class='ocrx_word' id='word_1_78' title='bbox 1177 2022 1313 2100; x_wconf 85' lang='lat' dir='ltr'>passim,</span> <span class='ocrx_word' id='word_1_79' title='bbox 1335 2018 1395 2082; x_wconf 83' lang='lat' dir='ltr'>secl</span> <span class='ocrx_word' id='word_1_80' title='bbox 1412 2037 1470 2100; x_wconf 77' lang='lat' dir='ltr'>pa·</span> 
     </span>
     <span class='ocr_line' id='line_1_13' title="bbox 448 2129 1471 2216; baseline -0.005 -20"><span class='ocrx_word' id='word_1_81' title='bbox 448 2153 519 2196; x_wconf 87' lang='lat' dir='ltr'>rum</span> <span class='ocrx_word' id='word_1_82' title='bbox 538 2131 685 2216; x_wconf 82' lang='lat' dir='ltr'>frequens</span> <span class='ocrx_word' id='word_1_83' title='bbox 705 2129 817 2206; x_wconf 84' lang='lat' dir='ltr'>nobis,</span> <span class='ocrx_word' id='word_1_84' title='bbox 839 2131 948 2194; x_wconf 85' lang='lat' dir='ltr'>incolit</span> <span class='ocrx_word' id='word_1_85' title='bbox 967 2131 1149 2210; x_wconf 81' lang='lat' dir='ltr'>(Mobolzer</span> <span class='ocrx_word' id='word_1_86' title='bbox 1170 2131 1289 2201; x_wconf 73' lang='lat' dir='ltr'>Heidec</span> <span class='ocrx_word' id='word_1_87' title='bbox 1316 2133 1471 2193; x_wconf 77' lang='lat' dir='ltr'>reriornes</span> 
     </span>
     <span class='ocr_line' id='line_1_14' title="bbox 454 2244 1471 2330; baseline 0.002 -24"><span class='ocrx_word' id='word_1_88' title='bbox 454 2247 598 2316; x_wconf 67' lang='lat' dir='ltr'>Wosserf</span> <span class='ocrx_word' id='word_1_89' title='bbox 620 2244 815 2315; x_wconf 70' lang='lat' dir='ltr'>Eulettwoldt</span> <span class='ocrx_word' id='word_1_90' title='bbox 843 2245 1029 2328; x_wconf 81' lang='lat' dir='ltr'>Herrttltut).</span> <span class='ocrx_word' id='word_1_91' title='bbox 1071 2247 1257 2307; x_wconf 73' lang='lat' dir='ltr'>Praesertim</span> <span class='ocrx_word' id='word_1_92' title='bbox 1277 2245 1418 2330; x_wconf 76' lang='lat' dir='ltr'>Augusto</span> <span class='ocrx_word' id='word_1_93' title='bbox 1438 2261 1471 2310; x_wconf 77' lang='lat' dir='ltr'>et</span> 
     </span>
     <span class='ocr_line' id='line_1_15' title="bbox 449 2360 639 2448; baseline -0.021 -24"><span class='ocrx_word' id='word_1_94' title='bbox 449 2360 639 2448; x_wconf 72' lang='lat' dir='ltr'>Septembri.</span> 
     </span>
     <span class='ocr_line' id='line_1_16' title="bbox 528 2473 867 2537; baseline -0.015 0"><span class='ocrx_word' id='word_1_95' title='bbox 528 2475 599 2537; x_wconf 78' lang='lat'><strong>862.</strong></span> <span class='ocrx_word' id='word_1_96' title='bbox 632 2473 670 2534; x_wconf 91' lang='lat' dir='ltr'>C.</span> <span class='ocrx_word' id='word_1_97' title='bbox 700 2473 867 2536; x_wconf 83' lang='lat' dir='ltr'>mucida.</span> 
     </span>
    </p>

    <p class='ocr_par' dir='ltr' id='par_1_6' title="bbox 448 2577 1471 3354">
     <span class='ocr_line' id='line_1_17' title="bbox 450 2577 1471 2669; baseline -0.004 -17"><span class='ocrx_word' id='word_1_98' title='bbox 450 2588 582 2652; x_wconf 75' lang='lat' dir='ltr'>Statura</span> <span class='ocrx_word' id='word_1_99' title='bbox 601 2586 703 2649; x_wconf 82' lang='grc'>5-6</span> <span class='ocrx_word' id='word_1_100' title='bbox 722 2587 891 2648; x_wconf 63' lang='lat' dir='ltr'>hercula:</span> <span class='ocrx_word' id='word_1_101' title='bbox 920 2585 1058 2669; x_wconf 82' lang='lat' dir='ltr'>exempla</span> <span class='ocrx_word' id='word_1_102' title='bbox 1086 2583 1176 2668; x_wconf 80' lang='lat' dir='ltr'>plura</span> <span class='ocrx_word' id='word_1_103' title='bbox 1196 2577 1365 2669; x_wconf 79' lang='lat' dir='ltr'>simplicis,</span> <span class='ocrx_word' id='word_1_104' title='bbox 1392 2603 1471 2648; x_wconf 82' lang='lat' dir='ltr'>nott-</span> 
     </span>
     <span class='ocr_line' id='line_1_18' title="bbox 448 2694 1471 2784; baseline -0.004 -18"><span class='ocrx_word' id='word_1_105' title='bbox 448 2702 530 2766; x_wconf 85' lang='lat' dir='ltr'>nulla</span> <span class='ocrx_word' id='word_1_106' title='bbox 549 2706 638 2784; x_wconf 74' lang='lat' dir='ltr'>apice</span> <span class='ocrx_word' id='word_1_107' title='bbox 659 2721 841 2783; x_wconf 87' lang='lat' dir='ltr'>compressa</span> <span class='ocrx_word' id='word_1_108' title='bbox 860 2698 997 2776; x_wconf 78' lang='lat' dir='ltr'>bifurca,</span> <span class='ocrx_word' id='word_1_109' title='bbox 1024 2719 1124 2782; x_wconf 84' lang='lat' dir='ltr'>pauca</span> <span class='ocrx_word' id='word_1_110' title='bbox 1142 2719 1274 2763; x_wconf 75' lang='lat' dir='ltr'>ramosa</span> <span class='ocrx_word' id='word_1_111' title='bbox 1316 2694 1417 2780; x_wconf 78' lang='lat' dir='ltr'>Stipes</span> <span class='ocrx_word' id='word_1_112' title='bbox 1436 2700 1471 2762; x_wconf 83' lang='lat' dir='ltr'>in</span> 
     </span>
     <span class='ocr_line' id='line_1_19' title="bbox 448 2811 1471 2900; baseline -0.003 -21"><span class='ocrx_word' id='word_1_113' title='bbox 448 2813 687 2900; x_wconf 79' lang='lat' dir='ltr'>perfectioribus</span> <span class='ocrx_word' id='word_1_114' title='bbox 716 2811 825 2876; x_wconf 84' lang='lat' dir='ltr'>ssavo·</span> <span class='ocrx_word' id='word_1_115' title='bbox 838 2813 1044 2896; x_wconf 86' lang='lat' dir='ltr'>sulphureus,</span> <span class='ocrx_word' id='word_1_116' title='bbox 1074 2818 1177 2876; x_wconf 85' lang='lat' dir='ltr'>nitens</span> <span class='ocrx_word' id='word_1_117' title='bbox 1205 2815 1355 2896; x_wconf 86' lang='lat' dir='ltr'>(prorsus</span> <span class='ocrx_word' id='word_1_118' title='bbox 1376 2829 1411 2874; x_wconf 87' lang='lat' dir='ltr'>ut</span> <span class='ocrx_word' id='word_1_119' title='bbox 1435 2815 1471 2876; x_wconf 86' lang='lat' dir='ltr'>itt</span> 
     </span>
     <span class='ocr_line' id='line_1_20' title="bbox 452 2922 1469 3016; baseline -0.002 -24"><span class='ocrx_word' id='word_1_120' title='bbox 452 2929 487 2992; x_wconf 86' lang='lat' dir='ltr'>C.</span> <span class='ocrx_word' id='word_1_121' title='bbox 509 2931 689 2988; x_wconf 84' lang='lat' dir='ltr'>ericetorum</span> <span class='ocrx_word' id='word_1_122' title='bbox 716 2943 749 2990; x_wconf 82' lang='lat' dir='ltr'>et</span> <span class='ocrx_word' id='word_1_123' title='bbox 769 2922 971 3016; x_wconf 67' lang='lat' dir='ltr'>simpulo),</span> <span class='ocrx_word' id='word_1_124' title='bbox 999 2927 1255 3008; x_wconf 82' lang='lat' dir='ltr'>sernipelluoens:</span> <span class='ocrx_word' id='word_1_125' title='bbox 1284 2927 1404 2990; x_wconf 71' lang='lat' dir='ltr'>eleccio</span> <span class='ocrx_word' id='word_1_126' title='bbox 1425 2927 1469 2990; x_wconf 77' lang='lat' dir='ltr'>tl·</span> 
     </span>
     <span class='ocr_line' id='line_1_21' title="bbox 449 3039 1469 3126; baseline 0 -21"><span class='ocrx_word' id='word_1_127' title='bbox 449 3043 536 3118; x_wconf 88' lang='lat' dir='ltr'>bide,</span> <span class='ocrx_word' id='word_1_128' title='bbox 559 3043 649 3126; x_wconf 81' lang='lat' dir='ltr'>apice</span> <span class='ocrx_word' id='word_1_129' title='bbox 667 3046 701 3102; x_wconf 90' lang='lat' dir='ltr'>in</span> <span class='ocrx_word' id='word_1_130' title='bbox 720 3039 815 3122; x_wconf 76' lang='lat' dir='ltr'>lungo</span> <span class='ocrx_word' id='word_1_131' title='bbox 834 3056 962 3104; x_wconf 83' lang='lat' dir='ltr'>recente</span> <span class='ocrx_word' id='word_1_132' title='bbox 977 3041 1169 3116; x_wconf 84' lang='lat' dir='ltr'>concolorc‚</span> <span class='ocrx_word' id='word_1_133' title='bbox 1192 3041 1251 3104; x_wconf 83' lang='lat' dir='ltr'>sed</span> <span class='ocrx_word' id='word_1_134' title='bbox 1269 3043 1351 3104; x_wconf 85' lang='lat' dir='ltr'>inter</span> <span class='ocrx_word' id='word_1_135' title='bbox 1371 3045 1469 3105; x_wconf 74' lang='lat' dir='ltr'>emic-</span> 
     </span>
     <span class='ocr_line' id='line_1_22' title="bbox 450 3155 1467 3240; baseline -0.002 -18"><span class='ocrx_word' id='word_1_136' title='bbox 450 3163 602 3222; x_wconf 82' lang='lat' dir='ltr'>oetionom</span> <span class='ocrx_word' id='word_1_137' title='bbox 624 3162 686 3218; x_wconf 85' lang='lat' dir='ltr'>cito</span> <span class='ocrx_word' id='word_1_138' title='bbox 707 3155 925 3216; x_wconf 79' lang='lat' dir='ltr'>oelarascente.</span> <span class='ocrx_word' id='word_1_139' title='bbox 968 3155 1069 3220; x_wconf 82' lang='lat' dir='ltr'>Semel</span> <span class='ocrx_word' id='word_1_140' title='bbox 1092 3155 1209 3230; x_wconf 87' lang='lat' dir='ltr'>modo,</span> <span class='ocrx_word' id='word_1_141' title='bbox 1232 3155 1290 3219; x_wconf 87' lang='lat' dir='ltr'>sed</span> <span class='ocrx_word' id='word_1_142' title='bbox 1309 3155 1467 3240; x_wconf 78' lang='lat' dir='ltr'>freqrtens,</span> 
     </span>
     <span class='ocr_line' id='line_1_23' title="bbox 450 3267 1469 3354; baseline -0.003 -21"><span class='ocrx_word' id='word_1_143' title='bbox 450 3271 620 3354; x_wconf 85' lang='lat' dir='ltr'>sylvulosa,</span> <span class='ocrx_word' id='word_1_144' title='bbox 648 3267 874 3352; x_wconf 80' lang='lat' dir='ltr'>perfectissima</span> <span class='ocrx_word' id='word_1_145' title='bbox 894 3268 974 3332; x_wconf 80' lang='lat' dir='ltr'>lecta</span> <span class='ocrx_word' id='word_1_146' title='bbox 994 3275 1114 3353; x_wconf 86' lang='lat' dir='ltr'>species</span> <span class='ocrx_word' id='word_1_147' title='bbox 1143 3269 1313 3353; x_wconf 82' lang='lat' dir='ltr'>elegantula</span> <span class='ocrx_word' id='word_1_148' title='bbox 1338 3270 1371 3330; x_wconf 87' lang='lat' dir='ltr'>in</span> <span class='ocrx_word' id='word_1_149' title='bbox 1397 3270 1469 3352; x_wconf 79' lang='lat' dir='ltr'>ligni</span> 
     </span>
    </p>
   </div>
   <div class='ocr_carea' id='block_1_5' title="bbox 449 3381 1469 3476">
    <p class='ocr_par' dir='ltr' id='par_1_7' title="bbox 449 3381 1469 3476">
     <span class='ocr_line' id='line_1_24' title="bbox 449 3381 1469 3476; baseline 0 -31"><span class='ocrx_word' id='word_1_150' title='bbox 449 3383 638 3476; x_wconf 75' lang='lat' dir='ltr'>(abietipii)</span> <span class='ocrx_word' id='word_1_151' title='bbox 658 3383 758 3444; x_wconf 79' lang='lat' dir='ltr'>frusto</span> <span class='ocrx_word' id='word_1_152' title='bbox 777 3383 864 3466; x_wconf 90' lang='lat' dir='ltr'>putri</span> <span class='ocrx_word' id='word_1_153' title='bbox 884 3381 1006 3466; x_wconf 85' lang='lat' dir='ltr'>dejecto</span> <span class='ocrx_word' id='word_1_154' title='bbox 1023 3381 1179 3446; x_wconf 79' lang='lat' dir='ltr'>suffocato</span> <span class='ocrx_word' id='word_1_155' title='bbox 1200 3389 1304 3447; x_wconf 87' lang='lat' dir='ltr'>virore</span> <span class='ocrx_word' id='word_1_156' title='bbox 1320 3383 1469 3448; x_wconf 83' lang='lat' dir='ltr'>sordente</span> 
     </span>
    </p>
   </div>
   <div class='ocr_carea' id='block_1_6' title="bbox 448 3493 1293 3674">
    <p class='ocr_par' dir='ltr' id='par_1_8' title="bbox 448 3493 1293 3674">
     <span class='ocr_line' id='line_1_25' title="bbox 448 3493 1293 3578; baseline -0.004 -17"><span class='ocrx_word' id='word_1_157' title='bbox 448 3497 588 3562; x_wconf 86' lang='lat' dir='ltr'>obducto</span> <span class='ocrx_word' id='word_1_158' title='bbox 610 3495 791 3576; x_wconf 79' lang='lat' dir='ltr'>(Moholzer</span> <span class='ocrx_word' id='word_1_159' title='bbox 812 3495 942 3578; x_wconf 79' lang='lat' dir='ltr'>Heide).</span> <span class='ocrx_word' id='word_1_160' title='bbox 983 3493 1125 3560; x_wconf 80' lang='lat' dir='ltr'>Fictieute</span> <span class='ocrx_word' id='word_1_161' title='bbox 1147 3497 1293 3560; x_wconf 86' lang='lat' dir='ltr'>Octobri.</span> 
     </span>
     <span class='ocr_line' id='line_1_26' title="bbox 527 3609 859 3674; baseline 0 -2"><span class='ocrx_word' id='word_1_162' title='bbox 527 3609 598 3673; x_wconf 77' lang='lat'><strong>863.</strong></span> <span class='ocrx_word' id='word_1_163' title='bbox 632 3611 671 3674; x_wconf 81' lang='lat' dir='ltr'>G.</span> <span class='ocrx_word' id='word_1_164' title='bbox 701 3629 859 3672; x_wconf 84' lang='lat' dir='ltr'>cornea.</span> 
     </span>
    </p>
   </div>
   <div class='ocr_carea' id='block_1_7' title="bbox 725 3724 943 3796">
    <p class='ocr_par' dir='ltr' id='par_1_9' title="bbox 725 3724 943 3796">
     <span class='ocr_line' id='line_1_27' title="bbox 725 3724 943 3796; baseline 0.009 -14"><span class='ocrx_word' id='word_1_165' title='bbox 725 3747 756 3796; x_wconf 83' lang='lat' dir='ltr'>ct,</span> <span class='ocrx_word' id='word_1_166' title='bbox 778 3724 943 3784; x_wconf 73' lang='lat' dir='ltr'>eommunis</span> 
     </span>
    </p>
   </div>
   <div class='ocr_carea' id='block_1_8' title="bbox 449 3835 1470 4263">
    <p class='ocr_par' dir='ltr' id='par_1_10' title="bbox 449 3835 1470 4263">
     <span class='ocr_line' id='line_1_28' title="bbox 725 3835 876 3912; baseline -0.026 -12"><span class='ocrx_word' id='word_1_167' title='bbox 725 3835 753 3912; x_wconf 78' lang='grc' dir='ltr'>δ,</span> <span class='ocrx_word' id='word_1_168' title='bbox 775 3837 876 3897; x_wconf 83' lang='lat' dir='ltr'>ma&#39;or</span> 
     </span>
     <span class='ocr_line' id='line_1_29' title="bbox 449 3861 1468 4036; baseline 0.001 -21"><span class='ocrx_word' id='word_1_169' title='bbox 449 3952 551 4036; x_wconf 75' lang='lat' dir='ltr'>Stipes</span> <span class='ocrx_word' id='word_1_170' title='bbox 570 3956 602 4012; x_wconf 92' lang='lat' dir='ltr'>ln</span> <span class='ocrx_word' id='word_1_171' title='bbox 623 3953 754 4034; x_wconf 66' lang='lat' dir='ltr'>uirique</span> <span class='ocrx_word' id='word_1_172' title='bbox 773 3955 805 4012; x_wconf 89' lang='lat' dir='ltr'>ln</span> <span class='ocrx_word' id='word_1_173' title='bbox 823 3861 979 4012; x_wconf 53' lang='lat' dir='ltr'>,claudam</span> <span class='ocrx_word' id='word_1_174' title='bbox 1000 3956 1114 4014; x_wconf 78' lang='lat' dir='ltr'>sensim</span> <span class='ocrx_word' id='word_1_175' title='bbox 1132 3953 1303 4030; x_wconf 78' lang='lat' dir='ltr'>transfluit,</span> <span class='ocrx_word' id='word_1_176' title='bbox 1325 3953 1468 4016; x_wconf 75' lang='lat' dir='ltr'>indistin-</span> 
     </span>
     <span class='ocr_line' id='line_1_30' title="bbox 449 4063 1470 4154; baseline 0.002 -26"><span class='ocrx_word' id='word_1_177' title='bbox 449 4079 531 4128; x_wconf 83' lang='lat' dir='ltr'>ctus.</span> <span class='ocrx_word' id='word_1_178' title='bbox 574 4063 602 4142; x_wconf 75' lang='grc' dir='ltr'>ὁ,</span> <span class='ocrx_word' id='word_1_179' title='bbox 625 4065 703 4126; x_wconf 84' lang='lat' dir='ltr'>ultra</span> <span class='ocrx_word' id='word_1_180' title='bbox 724 4064 850 4147; x_wconf 85' lang='lat' dir='ltr'>duplum</span> <span class='ocrx_word' id='word_1_181' title='bbox 871 4063 971 4148; x_wconf 84' lang='lat' dir='ltr'>major</span> <span class='ocrx_word' id='word_1_182' title='bbox 991 4081 1059 4142; x_wconf 86' lang='lat' dir='ltr'>ost,</span> <span class='ocrx_word' id='word_1_183' title='bbox 1081 4069 1194 4130; x_wconf 77' lang='lat' dir='ltr'>recens</span> <span class='ocrx_word' id='word_1_184' title='bbox 1214 4069 1394 4132; x_wconf 84' lang='lat' dir='ltr'>mollissime</span> <span class='ocrx_word' id='word_1_185' title='bbox 1415 4089 1470 4154; x_wconf 83' lang='lat' dir='ltr'>gc·</span> 
     </span>
     <span class='ocr_line' id='line_1_31' title="bbox 449 4177 1466 4263; baseline 0 -21"><span class='ocrx_word' id='word_1_186' title='bbox 449 4179 596 4250; x_wconf 68' lang='lat' dir='ltr'>latinum,</span> <span class='ocrx_word' id='word_1_187' title='bbox 628 4199 686 4260; x_wconf 87' lang='lat' dir='ltr'>per</span> <span class='ocrx_word' id='word_1_188' title='bbox 712 4183 797 4260; x_wconf 83' lang='lat' dir='ltr'>paria</span> <span class='ocrx_word' id='word_1_189' title='bbox 823 4177 1006 4263; x_wconf 72' lang='lat' dir='ltr'>plerumque</span> <span class='ocrx_word' id='word_1_190' title='bbox 1034 4183 1118 4242; x_wconf 86' lang='lat' dir='ltr'>circe</span> <span class='ocrx_word' id='word_1_191' title='bbox 1151 4181 1288 4244; x_wconf 84' lang='lat' dir='ltr'>medium</span> <span class='ocrx_word' id='word_1_192' title='bbox 1325 4197 1466 4258; x_wconf 81' lang='lat' dir='ltr'>connata,</span> 
     </span>
    </p>
   </div>
   <div class='ocr_carea' id='block_1_9' title="bbox 449 4290 1467 4470">
    <p class='ocr_par' dir='ltr' id='par_1_11' title="bbox 449 4290 1467 4470">
     <span class='ocr_line' id='line_1_32' title="bbox 449 4290 1467 4380; baseline 0.006 -28"><span class='ocrx_word' id='word_1_193' title='bbox 449 4297 538 4374; x_wconf 86' lang='lat' dir='ltr'>apice</span> <span class='ocrx_word' id='word_1_194' title='bbox 559 4292 688 4374; x_wconf 81' lang='lat' dir='ltr'>basique</span> <span class='ocrx_word' id='word_1_195' title='bbox 708 4290 815 4354; x_wconf 85' lang='lat' dir='ltr'>libere.</span> <span class='ocrx_word' id='word_1_196' title='bbox 858 4293 953 4378; x_wconf 68' lang='lat' dir='ltr'>Lippa</span> <span class='ocrx_word' id='word_1_197' title='bbox 975 4292 1121 4354; x_wconf 71' lang='lat' dir='ltr'>Pictorum</span> <span class='ocrx_word' id='word_1_198' title='bbox 1149 4311 1467 4380; x_wconf 71' lang='lat' dir='ltr'>praestantemque,</span> 
     </span>
     <span class='ocr_line' id='line_1_33' title="bbox 449 4419 781 4470; baseline 0.015 -6"><span class='ocrx_word' id='word_1_199' title='bbox 449 4425 515 4465; x_wconf 84' lang='lat' dir='ltr'>non</span> <span class='ocrx_word' id='word_1_200' title='bbox 533 4425 601 4466; x_wconf 84' lang='lat' dir='ltr'>rere</span> <span class='ocrx_word' id='word_1_201' title='bbox 621 4419 781 4470; x_wconf 84' lang='lat' dir='ltr'>autumno.</span> 
     </span>
    </p>
   </div>
   <div class='ocr_carea' id='block_1_10' title="bbox 0 0 1738 5486">
    <p class='ocr_par' dir='ltr' id='par_1_12' title="bbox 0 0 1738 5486">
     <span class='ocr_line' id='line_1_34' title="bbox 0 0 1738 5486; baseline 0 0"><span class='ocrx_word' id='word_1_202' title='bbox 0 0 1738 5486; x_wconf 95' lang='lat' dir='ltr'> </span> 
     </span>
    </p>
   </div>
  </div>
 </body>
</html>
