3528 5482
715 705 901 748 ·-·--,
1269 683 1305 756 4ι

183 817 185 820 ¹
292 854 403 917 Formi
423 851 522 912 ostioli
542 847 807 934 insigniretundi
827 848 1006 932 depresso-
1019 853 1155 916 concavl
1173 852 1216 916 ob
1228 873 1308 918 mar.

292 971 398 1049 §nem
427 965 639 1046 prominulum
672 963 851 1024 annularem
884 961 1123 1044 subpeeizoidei
1157 985 1309 1048 congruns
1403 1025 1407 1034 ,

294 1098 404 1141 omues
425 1093 508 1152 tres,
529 1097 571 1138 ne
596 1079 665 1158 quis
683 1079 717 1139 in
738 1075 904 1156 speciebus
925 1075 1104 1158 separandis
1124 1076 1207 1158 justo
1228 1081 1310 1142 cela·

294 1193 391 1252 riores
423 1210 484 1252 nos
518 1183 737 1270 redargueret,
775 1191 927 1268 teruisper
959 1188 1189 1270 conjunximus:
1224 1187 1308 1254 haud

295 1303 422 1364 multum
456 1317 559 1363 tamen
593 1303 782 1372 recusaturi,
819 1304 847 1362 si
874 1301 1017 1382 quando,
1052 1306 1130 1376 situ,
1167 1303 1307 1378 historil,
1416 1360 1420 1368 .

295 1414 421 1494 aliisque
446 1417 530 1475 notis
559 1415 633 1476 sutis
659 1413 816 1486 diversae,
849 1432 867 1471 a
895 1411 1035 1492 pluribus
1061 1414 1243 1478 observatae
1270 1437 1309 1480 ac

295 1525 425 1607 arnplius
444 1525 610 1588 illustratae
637 1529 671 1584 in
690 1529 814 1606 species
842 1529 984 1605 proprias
1005 1528 1212 1590 semovendae
1232 1549 1308 1592 cen-

296 1651 431 1700 seantur.
479 1639 553 1698 Ver.
575 1660 608 1711 α,
635 1635 755 1718 absque
780 1636 891 1698 ordine
919 1657 1045 1718 sparsa,
1081 1644 1113 1700 in
1141 1653 1223 1702 stetu
1249 1645 1308 1702 im·

295 1769 400 1812 merso
420 1735 611 1832 uersistens,
644 1747 685 1808 ad
711 1747 791 1830 ligna
817 1748 908 1808 aleten
926 1749 1045 1831 ultaque
1065 1750 1233 1823 hincinde
1251 1773 1308 1814 oc·

296 1867 400 1924 sunit.
448 1863 486 1922 ln
509 1883 566 1945 γγ,
604 1861 783 1944 sphaerulae
818 1861 1003 1944 majusculae
1034 1863 1184 1946 globosae
1218 1869 1307 1926 initio

214 2055 216 2058 Ι
296 1990 381 2036 totae
406 1990 507 2036 tectae
534 1974 648 2036 ostiola
668 1989 785 2034 tantum
806 1991 970 2056 promum
1004 1991 1117 2056 postea
1136 1991 1238 2038 autem
1258 1997 1309 2040 se·

297 2091 369 2147 mi·
382 2107 538 2162 emersae,
577 2087 728 2170 simulque
756 2087 999 2168 (hemisphaerio
1023 2107 1139 2168 supero
1168 2088 1311 2150 ostiolum

295 2213 435 2280 gestante
463 2219 521 2281 per
548 2218 697 2261 summam
723 2197 915 2278 fragilitatem
942 2203 1045 2260 statim
1070 2199 1218 2280 perdito)
1245 2205 1309 2262 cir·

297 2316 498 2386 cumaeissae,
521 2311 661 2396 capulum
680 2325 786 2372 exacte
806 2309 1043 2398 semiglcbosam
1058 2313 1306 2390 atro-lucidam,

297 2423 423 2484 cellulae
442 2444 516 2486 suae
535 2423 619 2506 ligno
640 2423 812 2505 insculptae
832 2423 1036 2497 insidentem,
1066 2428 1194 2488 siaumt:
1215 2426 1308 2507 longa

295 2533 419 2617 lateque
446 2551 584 2598 ceterum
609 2541 642 2596 in
663 2541 869 2618 quincuncem
894 2535 1118 2616 regularissime
1144 2536 1305 2619 disposita,

296 2649 330 2708 in
349 2647 460 2710 urbere
480 2651 571 2710 unici
591 2649 717 2730 (Fuge,
749 2627 785 2710 ut
810 2647 988 2728 videbatur)
1020 2649 1159 2710 emortul
1185 2671 1222 2711 ac
1249 2651 1309 2712 de-

298 2761 447 2822 corticatl
474 2755 711 2841 (Hirsigrlolz)
735 2761 881 2842 frequens
900 2765 1035 2824 inventa.
1077 2762 1152 2824 Ver.
1175 2759 1222 2836 ὃὸ,
1244 2777 1307 2826 tra·

298 2887 351 2936 ctu
370 2873 475 2935 lineari
495 2873 568 2954 ligni
586 2878 663 2936 sicci
683 2871 805 2954 abiegni
821 2871 1024 2954 (Polsbrucl)
1045 2878 1136 2936 rimas
1157 2891 1305 2956 occupat,

296 2985 470 3067 sphaerulis
505 2991 603 3048 ovatis
637 2972 790 3048 immersis
825 2985 937 3059 luscis,
974 3007 1053 3069 quae
1085 2985 1307 3070 subcontigurs

295 3103 412 3180 passim
438 3103 525 3180 quasi
556 3113 703 3160 stromata
728 3097 877 3181 quodam
890 3103 971 3160 inter
997 3097 1176 3179 sejunctae
1201 3101 1329 3164 viden*

296 3225 365 3282 tun
392 3211 476 3272 unde
502 3211 544 3273 ad
564 3180 596 3272 tl.
618 3227 810 3291 protractam
836 3191 988 3294 (Syneps.
1010 3211 1036 3272 l.
1058 3233 1093 3292 p.
1114 3211 1182 3292 34)
1201 3211 1306 3278 foram

294 3323 485 3405 alimmtenur
510 3324 643 3385 accedit.
691 3323 728 3384 ln
753 3323 813 3384 hic
841 3326 1009 3406 praecipue
1039 3323 1171 3399 osuou,
1203 3331 1305 3406 primo
1359 3377 1364 3385 ,

295 3437 401 3519 (qnod
426 3440 519 3498 etin
546 3459 578 3511 a,
606 3457 661 3519 γγ,
689 3433 830 3514 obtinet)
858 3437 1041 3516 simpliciter
1066 3435 1198 3516 globoso
1215 3471 1232 3486 -
1250 3439 1307 3499 de·

294 3569 421 3631 pessa,
456 3548 530 3610 dein
555 3553 651 3631 magis
680 3547 818 3628 collapsa
845 3547 996 3608 Peniculus
1020 3551 1240 3612 minutissimas
1260 3553 1307 3610 ni·

294 3681 363 3742 gras
389 3661 470 3722 adeo
496 3661 704 3734 aemulamur,
736 3675 773 3720 ut
796 3659 846 3722 vel
879 3663 1068 3740 peritissimo
1097 3664 1211 3743 cuique
1236 3661 1303 3724 illu·

295 3773 380 3838 dunt.
396 3805 438 3822 ·-
455 3773 572 3854 Aprili,
592 3773 692 3833 Maio.

376 3905 443 3947 raa.
476 3887 508 3946 8.
539 3875 785 3948 incrustans.

294 3999 420 4059 Praeter
436 3969 518 4080 ligna
537 3997 689 4080 populace
715 4001 747 4058 ln
767 3994 946 4058 caritatibus
965 3999 1057 4056 etiam
1077 3995 1150 4076 ligni
1171 3996 1306 4076 querelosi

292 4109 415 4182 fissilis.
444 4126 478 4172 et
496 4113 653 4170 rrrmimam
675 4108 818 4192 quidem,
845 4109 887 4169 ad
906 4107 1091 4188 spithunum
1110 4122 1143 4170 at
1162 4107 1240 4169 ultra
1260 4081 1316 4168 ef?

293 4205 411 4294 fusam,
432 4221 504 4284 hinc
525 4221 598 4283 inde
619 4222 790 4284 habuimus.
833 4202 971 4304 Hyeme,
994 4240 1079 4284 vere.
1165 4257 1168 4266 -

376 4333 442 4396 123.
476 4338 508 4396 S.
535 4335 792 4418 pulveracea.

291 4443 344 4506 Ad
363 4445 443 4528 ligna
461 4447 540 4509 dura
559 4453 643 4512 sicca
663 4445 748 4529 apud
765 4465 826 4512 nus
845 4449 961 4512 rarior:
990 4445 1140 4530 vulgatior
1160 4449 1193 4508 in
1213 4447 1303 4517 Pina,

1246 4581 1266 4640 6
