3582 5482
477 649 533 712 136
891 687 1069 704 ---

478 835 521 894 ris
547 849 636 894 more
662 832 890 912 persistentior.
947 828 1083 889 Pulveris
1118 829 1205 890 color
1232 849 1329 914 saepo
1358 848 1492 898 saturato

471 963 592 1016 aureus!
640 945 734 1026 ligna
759 917 853 1024 pineo
879 947 912 1002 in
931 941 1011 1002 locis
1034 939 1193 1002 suffocatis
1212 941 1413 1008 humentibus
1432 947 1490 1008 de.

472 1062 574 1140 gentis
594 1071 730 1137 occupat
750 1059 875 1136 species
894 1053 1124 1138 inregionibus
1144 1059 1260 1118 nostris
1273 1060 1400 1120 minitue
1412 1079 1489 1120 run.

472 1169 647 1242 Autuinno,
669 1168 799 1250 hyeme,
820 1187 906 1228 vere.

551 1279 622 1342 386.
656 1282 696 1340 T.
725 1275 986 1361 nigrescens(

471 1391 566 1453 Amat
592 1391 709 1452 haecce
737 1394 861 1472 species
889 1395 992 1452 trunci
1010 1390 1135 1452 arborei
1156 1393 1238 1452 caesi
1257 1393 1377 1454 discum
1398 1407 1488 1456 vetu-

473 1509 619 1578 stiorem,
648 1508 697 1564 cui
724 1524 753 1564 e.
775 1521 805 1584 g.
833 1507 866 1562 ln
894 1501 1032 1583 carpino
1053 1501 1180 1576 Betulo,
1204 1503 1313 1564 »inlice
1333 1501 1404 1562 elbai
1424 1521 1487 1566 etc.

471 1637 535 1676 non
555 1613 734 1698 infrequens
761 1620 876 1696 passim
906 1618 1094 1676 innascitur:
1122 1619 1222 1676 rarior
1248 1616 1373 1677 obvenit
1393 1621 1490 1678 corti-

352 1709 360 1732 ¹
473 1727 558 1790 catu.
603 1727 696 1790 thbu
717 1731 888 1809 tegmineus
913 1727 1062 1788 delicatus
1088 1725 1174 1808 digiti
1195 1741 1278 1788 tactu
1298 1729 1348 1790 vel
1368 1729 1488 1792 levisti-

471 1859 525 1900 mo
546 1839 629 1900 illico
650 1837 807 1900 abstersus
827 1837 980 1920 pulverem
1001 1839 1140 1900 ostendit
1166 1859 1267 1921 opace
1292 1854 1397 1900 terreo
1410 1839 1487 1900 -lu-

473 1971 580 2025 scum,
609 1953 826 2031 nigricantem,
860 1950 949 2012 solito
978 1951 1121 2012 laxiorem
1151 1967 1184 2014 et
1209 1950 1419 2025 subtiliorem,
1449 1971 1487 2012 ac

472 2063 545 2124 inde
573 2065 708 2143 pessime
737 2066 957 2144 inquinantetn.
985 2093 1026 2109 -
1050 2065 1176 2124 Parcior
1194 2066 1351 2146 reperitur
1369 2077 1487 2127 aestate

385 2249 388 2256 .
472 2173 592 2255 pluvii:
619 2173 760 2234 crebrior
779 2187 925 2234 autumno
946 2178 1087 2256 inprimis
1108 2175 1209 2238 tardo.

551 2283 622 2366 387.
655 2286 696 2346 T.
726 2283 903 2347 dubium.

474 2397 599 2458 Praeter
620 2411 748 2458 truncos
768 2397 930 2480 putridos,
960 2417 1039 2479 quos
1063 2397 1138 2458 hinc
1157 2397 1230 2458 inde
1250 2397 1375 2472 incolit,
1403 2398 1486 2462 t'ottu

474 2527 620 2592 quoque,
647 2509 787 2583 ramulis,
824 2510 951 2594 aliisque
979 2509 1172 2590 corpusculis
1201 2511 1285 2571 humi
1314 2509 1486 2590 jacentibus

473 2639 703 2703 nonnumquam
722 2625 889 2682 incremit:
922 2622 1050 2683 formam
1080 2623 1221 2704 quidem,
1252 2621 1305 2684 ubi
1333 2623 1489 2704 ejusmodi

474 2733 581 2794 sedem
609 2733 739 2794 natalem
766 2732 826 2794 sibi
857 2732 966 2814 elegit,
1003 2733 1085 2794 haud
1119 2733 1198 2796 adeo
1226 2734 1395 2815 regularem
1422 2753 1487 2796 aars

473 2864 565 2917 vans,
593 2844 652 2906 sed
679 2843 787 2919 latius,
816 2845 1001 2926 oblongum,
1030 2845 1238 2917 sabelium,
1264 2861 1298 2906 at
1318 2845 1486 2908 substantii

474 2970 630 3029 ceterum,
653 2955 776 3029 indole,
799 2955 908 3018 colore
928 2977 1000 3018 cuna
1014 2957 1245 3040 imago-epinylo
1260 2977 1391 3040 prorsus
1408 2976 1488 3020 con·

473 3069 611 3140 vemens.
653 3067 823 3130 Autumno.

401 3155 403 3163 Ι
551 3175 620 3240 388.
651 3181 691 3240 Τ.
720 3181 847 3240 laeve.

478 3290 692 3369 Tegumentum
712 3291 916 3354 laetissimum
938 3297 1136 3354 tenerrimum
1160 3290 1487 3356 subruembrenacettm

473 3401 608 3462 albidum
629 3402 676 3464 vel
697 3405 844 3464 tantillum
865 3403 981 3468 laesum
1000 3403 1155 3486 pulverem
1173 3409 1290 3487 proruit
1303 3409 1377 3468 satis
1389 3405 1488 3466 lusum

475 3512 569 3574 diluta
588 3513 708 3576 flavum.
756 3515 871 3576 Formd
899 3515 1010 3598 fungus
1030 3515 1186 3598 epixylus‚
1215 3521 1316 3578 munci
1336 3520 1421 3598 pinei
1439 3521 1488 3576 in·

475 3625 563 3698 coln,
597 3628 710 3708 gaudet
741 3629 976 3710 circumscripti
1009 3629 1164 3709 pulvinati
1200 3627 1485 3710 subsemlgloboslt

476 3742 630 3800 terrestris
657 3739 739 3800 idem
767 3745 920 3802 muscisve
952 3745 1111 3821 inspersus
1145 3741 1343 3824 inaequaliter
1368 3737 1495 3802 effusus‘

475 3862 543 3922 est,
580 3855 712 3931 tegmina
740 3853 869 3914 evanldo
897 3850 973 3914 fere.
1023 3851 1212 3932 Magnitudo
1235 3851 1275 3913 ab
1296 3853 1386 3914 turcii
1411 3873 1424 3912 t
1447 3849 1488 3912 ad

478 3969 515 4039 aa}
541 3967 645 4026 variat.
703 3965 812 4026 Parum
840 3962 986 4046 freqttent
1018 3963 1186 4026 offenditur
1220 3965 1299 4027 locis
1333 3964 1487 4048 sylvaticis

476 4073 610 4138 humidis
645 4077 825 4153 (Mobolzer
858 4075 961 4138 Hnide
988 4077 1062 4138 binc
1089 4077 1210 4157 illincl:
1246 4077 1428 4140 autummlis
1454 4089 1487 4138 et

476 4186 613 4247 vernalis.

460 4334 465 4343 -
552 4293 624 4376 389.
658 4299 698 4358 T.
729 4298 1038 4362 tuberculatum.

475 4405 592 4469 lnitisle
615 4407 697 4470 vitta
721 4409 821 4492 longit
850 4412 990 4476 candidis
1017 4411 1161 4474 mollibus
1186 4417 1335 4478 vestimtn
1362 4428 1427 4488 est,
1455 4418 1488 4475 ln
