3574 5486
452 687 510 768 234
864 723 1044 738 ---·--

450 869 680 934 lnrneliiformes
702 867 873 931 evadunt.¹
898 865 1001 948 Stipes
1021 869 1164 928 centralis
1184 883 1237 929 eut
1257 867 1466 934 subessentri·

451 1005 527 1060 cus,
556 981 746 1066 longitudine
774 997 866 1062 atque
894 984 1032 1044 crassitie
1060 987 1188 1043 verisne.
1237 982 1339 1040 Piieus
1362 989 1465 1064 primo

451 1117 625 1171 convexus,
647 1095 771 1156 demum
788 1093 975 1175 depressus,
998 1091 1357 1158 subiciundibuliionnis.
1400 1097 1466 1158 Co·

450 1214 542 1292 piose
562 1213 707 1291 provenit
726 1223 874 1269 autumno
895 1202 1023 1266 humido
1043 1210 1075 1266 in
1089 1207 1182 1290 sylvis
1198 1212 1379 1286 praesertim
1392 1229 1465 1271 ece·

449 1326 549 1396 rosis,
578 1327 669 1382 etiem
690 1319 893 1392 siccioribus,
921 1319 994 1380 hinc
1018 1317 1110 1399 inde:
1139 1317 1338 1400 utplurimum
1366 1336 1464 1384 terre-

448 1440 537 1508 stris,
573 1433 669 1497 semel
699 1449 801 1492 tamen
832 1431 920 1494 bisve
956 1435 1047 1493 etiem
1082 1437 1281 1514 truncigeutts
1313 1437 1462 1498 iuveunts.

448 1547 529 1630 Aug.
551 1549 638 1628 Sept.
661 1560 694 1606 et
712 1548 853 1625 inprimis
875 1545 949 1605 Oct.
971 1547 1055 1606 Nor.

528 1659 598 1739 59⁰·
632 1659 679 1718 Μ.
708 1657 932 1718 lucescens.

452 1771 482 1832 V
479 1793 553 1830 enne
573 1771 645 1832 huic
666 1784 740 1832 sunt
758 1775 925 1850 genuinae,
956 1768 1110 1842 tumidae,
1144 1789 1219 1852 vage
1248 1771 1460 1848 decurrentes,

447 1881 622 1955 flexuosae,
649 1881 825 1943 confertae:
855 1887 997 1964 sequenti
1023 1897 1133 1944 contre
1153 1883 1254 1966 plicae
1273 1891 1463 1948 crassiuscu-

447 1995 494 2056 lete
516 1972 740 2078 quidemsscd
759 2008 884 2068 rectae,
913 1995 1074 2057 disuntes.
1115 1995 1157 2054 Et
1176 1995 1227 2056 hic
1248 1995 1372 2078 quidem
1394 2001 1463 2077 (as-

369 2095 372 2106 ’
447 2110 547 2170 sumti
568 2109 687 2168 staturi
707 2107 781 2168 huic
801 2127 838 2168 ex
858 2112 944 2166 omni
964 2112 1067 2188 capite
1086 2106 1219 2188 majore,
1244 2109 1323 2190 piieo
1344 2107 1461 2170 2-3-

446 2220 557 2286 unciali
579 2225 662 2300 etc.)
689 2241 780 2282 verus
801 2235 850 2282 est
870 2223 949 2280 inter
970 2235 1133 2300 utrumque
1152 2241 1190 2280 ec
1211 2224 1284 2282 setis
1304 2240 1460 2304 superque

447 2331 605 2394 sufficiens
626 2335 787 2394 character
806 2332 1033 2414 diagnosticus:
1055 2331 1191 2414 reliques
1209 2336 1351 2394 nimirum
1367 2351 1459 2396 notae

445 2445 485 2506 nd
505 2465 596 2506 unetu
618 2465 727 2507 omnes
746 2444 900 2506 ambobus
920 2445 991 2526 plus
1011 2447 1111 2506 minus
1132 2465 1313 2506 communes
1332 2467 1370 2507 ac
1387 2446 1459 2508 inde
1540 2469 1547 2482 ·

445 2558 606 2641 ambiguae
633 2573 705 2620 sunt
730 2577 902 2640 parumque
937 2559 1137 2620 distinctivae.
1190 2557 1282 2618 Amat
1310 2557 1362 2620 hic
1390 2559 1461 2620 loca

446 2672 599 2754 sylverum
620 2675 769 2731 variarum
790 2669 936 2732 umbrosa
951 2669 1090 2741 humide,
1112 2673 1176 2728 utto
1192 2667 1361 2752 uliginosa,
1383 2691 1461 2754 quae

445 2785 575 2866 vulgetis
595 2784 704 2845 incolit
725 2798 854 2846 exeunte
875 2797 991 2844 eestnte
1013 2797 1045 2844 et
1065 2795 1221 2842 autumno.

523 2896 594 2976 691.
629 2897 676 2955 Μ.
706 2895 956 2956 tubiforutis.

444 3010 605 3090 Frequens
631 3007 708 3070 haec
735 3027 861 3090 quoque
885 3011 1009 3090 species
1030 3011 1063 3068 in
1084 3008 1175 3090 syivis
1196 3011 1286 3072 vuriis
1306 3007 1459 3070 umbrosis

443 3119 711 3183 subhutuentibus.
755 3121 815 3182 Per
834 3135 935 3180 totum
955 3121 1143 3182 autumnum.

521 3232 591 3315 692.
625 3233 673 3294 M.
701 3233 934 3315 iuligineus.

719 3367 774 3430 γγ,
796 3335 938 3406 coitcoior

443 3457 546 3518 Totus
575 3457 728 3520 concolor
760 3457 1123 3540 cinereo-iuliginosus,
1159 3455 1239 3538 pileo
1275 3460 1456 3519 seruauere

394 3581 398 3588 “
443 3573 622 3652 nigricante.
665 3570 801 3632 Dubium
824 3575 971 3644 omuino,
999 3589 1040 3630 en
1066 3570 1127 3630 hdo
1148 3567 1324 3650 pertineat?
1351 3567 1458 3630 habitu

443 3687 544 3756 enim,
567 3661 682 3754 innui,
705 3697 737 3744 et
758 3687 939 3764 praesertim
958 3686 1046 3742 venis
1065 3686 1197 3763 propius
1216 3680 1338 3743 secedit
1354 3681 1395 3742 ed
1409 3681 1455 3742 M.

443 3793 647 3854 latescentem:
677 3797 782 3856 iorsttn
809 3794 858 3856 vel
886 3794 952 3876 ejus
980 3797 1110 3856 variettts
1137 3797 1302 3875 insignior,
1341 3793 1389 3856 vel
1409 3798 1457 3856 sui

441 3905 516 3987 juris
545 3911 680 3988 species.
737 3908 864 3968 Perciot
895 3911 1033 3968 occurrit
1059 3910 1091 3966 in
1121 3909 1295 3968 nemorosis
1322 3889 1456 3968 humidis

442 4018 536 4098 (Seer
557 4017 804 4104 Scitiojsgortenp
825 4019 1066 4101 Scito'psmiesen)
1086 4019 1165 4100 Aug.
1187 4019 1276 4100 Sept.

519 4129 587 4211 693.
621 4131 665 4192 M.
695 4136 893 4194 cinereus.

444 4242 549 4302 Plione
568 4243 765 4317 manifestae,
787 4245 1005 4318 monusculum
1028 4241 1194 4314 distentas,
1216 4239 1349 4323 pulchre
1370 4245 1455 4304 eine·

440 4375 527 4416 reae:
557 4371 677 4414 statura
698 4361 731 4416 in
749 4362 865 4420 nosuis
891 4369 1043 4440 sequente
1064 4354 1168 4436 peullo
1192 4357 1305 4416 minor.
1347 4353 1454 4416 Ruris·

333 4549 338 4556 ¹
441 4471 536 4532 simus
560 4467 653 4532 nobis
678 4467 791 4552 fungus
816 4469 977 4553 hucusque
1006 4469 1103 4534 smnel
1128 4469 1229 4530 lectus
1248 4471 1281 4528 in
1300 4465 1454 4548 sdraticia
