3582 5482
455 699 509 767 ttJ,
565 735 575 744 .
868 715 1045 734 --·-

452 883 525 932 tem.
568 869 671 948 Stipes
692 871 829 928 ceterum
851 861 1017 956 candidus,
1051 881 1112 924 nec
1138 864 1198 922 nisi
1219 859 1346 921 demum
1366 881 1386 921 e
1405 861 1473 942 psl·

450 979 515 1042 iido
537 978 734 1052 iuscescens,
761 979 1039 1044 sericeo-nitens,
1066 971 1269 1044 substrictus,
1301 973 1473 1056 superficie

450 1090 533 1156 haud
559 1111 628 1152 rnro
654 1089 834 1162 undulatos,
871 1103 1102 1166 nonnumquam
1130 1103 1334 1164 compressus
1360 1101 1393 1145 et
1414 1085 1473 1145 de-

453 1202 620 1275 cumbens,
643 1207 740 1262 rarius
760 1219 831 1261 cmn
846 1203 948 1258 vicino
961 1201 1208 1268 serniconnetus,
1231 1201 1369 1256 crassior
1382 1195 1474 1256 deor·

453 1333 521 1375 sum
541 1334 600 1394 pro
620 1311 744 1393 capituli
763 1313 883 1371 ratione
904 1327 994 1390 quatu
1015 1311 1046 1366 in
1070 1306 1107 1366 0.
1130 1307 1258 1390 equiori:
1286 1305 1346 1388 qul
1366 1309 1473 1387 ipsum

355 1433 358 1442 “
453 1429 544 1488 otiam
565 1423 732 1503 capitulum
759 1421 852 1502 triplo
873 1439 973 1500 paene
999 1423 1101 1480 minus
1123 1432 1188 1490 est,
1218 1421 1395 1500 stipitisque
1418 1417 1473 1477 bs·

453 1541 502 1599 sin
529 1535 679 1596 diametro
707 1537 807 1594 minus
836 1529 966 1592 excedit.
1017 1532 1128 1592 Facies
1155 1530 1194 1590 de
1214 1531 1336 1611 reliquo
1357 1533 1475 1610 stipitis

452 1647 546 1710 bovis
571 1660 625 1706 aut
650 1643 864 1706 sublibrillosn.
912 1642 1077 1704 Structurtt
1103 1644 1228 1700 t'tttertto
1252 1662 1323 1702 cttttt
1344 1657 1474 1702 antece·

454 1757 548 1820 dente
569 1761 675 1838 specie
694 1759 850 1818 ,convenit
890 1751 1066 1816 Notabilem
1086 1753 1213 1834 fungum
1234 1757 1266 1812 in
1280 1757 1400 1834 pennis
1421 1773 1476 1814 os-

360 1947 364 1954 ,
455 1868 621 1948 siculisque
649 1867 864 1948 superstitibus
895 1863 1051 1927 cadaveris
1083 1868 1167 1926 unici
1204 1865 1321 1923 corvini
1356 1863 1475 1943 (Corui

459 1979 594 2042 Cornicis
622 1979 682 2058 L.)
710 1978 874 2059 putredine
902 1975 1022 2058 jourjsm
1052 1973 1263 2048 coniiciendi,
1300 1974 1376 2036 loco
1403 1995 1475 2035 mn·
1550 1963 1561 1984 '

456 2091 552 2152 broso
582 2088 725 2170 jacentis,
762 2092 950 2163 invenimus,
986 2087 1044 2150 sed
1069 2085 1265 2169 frequentem
1291 2100 1475 2170 aetatesque

456 2221 526 2266 suns
553 2215 669 2262 tentum
695 2221 758 2260 non
782 2219 891 2260 omnes
920 2199 1009 2262 simul
1038 2213 1258 2260 ostentantem.
1308 2196 1475 2276 (Sproizsr

458 2311 586 2394 tregit).
628 2308 823 2392 Septembri,
852 2311 993 2372 Octobri.

536 2442 614 2484 oss.
654 2423 743 2482 Loco
764 2442 872 2502 parum
893 2427 999 2504 utique
1019 2421 1135 2482 idoneo
1154 2439 1253 2502 genus
1273 2419 1378 2482 hocce
1391 2425 1476 2484 inter

459 2537 601 2599 Mucores
619 2533 812 2614 Aecidioque
833 2547 913 2595 stare
933 2531 1061 2592 videtur.
1103 2533 1147 2592 Ex
1166 2533 1275 2593 nostri
1291 2547 1378 2596 certe
1400 2554 1476 2596 sen-

460 2647 573 2720 tentii,
609 2643 872 2706 observationibus
891 2645 931 2704 de
951 2644 1078 2724 pulvere
1106 2643 1250 2706 subiibrto
1270 2665 1366 2726 supra
1387 2665 1476 2706 emr-

457 2763 531 2820 rntls
551 2755 668 2828 innixi,
699 2773 801 2834 prope
827 2754 1034 2812 Tolostomntn
1054 2771 1087 2816 et
1108 2754 1313 2837 Lycoperdu,
1341 2754 1473 2830 fortune,

459 2871 645 2950 tegumenti,
668 2863 787 2926 habitos
807 2864 984 2926 alimitstem
1004 2866 1086 2925 houd
1107 2867 1316 2948 abnegandam
1329 2887 1406 2948 pree
1427 2887 1475 2944 se,

460 2979 519 3062 qul
539 2981 600 3042 buc
619 2975 790 3050 accedunt,
819 2973 948 3037 ferentia
965 3009 1006 3023 -
1027 2978 1277 3040 translucendum
1299 2983 1369 3039 erit.

740 3164 787 3226 32.
828 3165 1190 3228 AECIDIUM.

540 3329 616 3374 ons.
657 3309 771 3370 Tribtis
798 3307 873 3370 duas
898 3313 1057 3389 primarias
1079 3309 1247 3372 commode
1265 3311 1401 3374 admittit
1421 3334 1478 3396 ge·

461 3441 520 3482 nus
547 3427 656 3482 civium
687 3423 862 3500 neutiquam
889 3423 989 3500 inops.
1050 3421 1190 3501 Quannn
1223 3424 1320 3484 eltera
1350 3431 1479 3506 species

462 3531 680 3612 complectitur
702 3525 914 3620 frondicolos,
948 3534 980 3590 in
1006 3530 1152 3593 orborum
1184 3538 1327 3596 nimirum
1360 3536 1478 3597 herba-

461 3663 568 3704 rmnve
595 3643 812 3706 frondosarum
839 3639 921 3702 ioliis
952 3641 1078 3722 aliisque
1111 3647 1251 3725 partibus
1284 3647 1479 3710 succulentis

456 3753 626 3836 degentes,
649 3776 681 3815 os
701 3752 812 3837 peridii
831 3755 930 3834 aperti
951 3753 1106 3816 indentes
1123 3755 1286 3818 laciniasve
1302 3757 1479 3841 subseque-

461 3863 508 3926 ies
538 3867 705 3946 regularius
727 3859 837 3952 st'ssum
861 3877 914 3924 aut
941 3861 1153 3946 subintegrurn
1172 3883 1347 3948 gestantes:
1381 3871 1479 3934 altem

465 3977 614 4050 aricolae,
635 3983 667 4040 in
686 3977 786 4050 loliis,
808 3975 948 4048 ramulis,
976 3977 1145 4040 corticibus
1165 3980 1309 4040 arborum
1330 4001 1480 4044 aceross-
1568 4009 1575 4020 ·

463 4107 532 4148 rum
552 4093 700 4152 resinosis
720 4091 916 4169 parasiticos,
945 4089 1084 4167 margine
1111 4093 1174 4150 oris
1196 4091 1308 4152 hiantis
1330 4093 1478 4175 inaequa-

466 4197 535 4256 liter
554 4220 676 4279 prorsus
696 4199 797 4258 lacero
818 4203 1020 4278 conspicuas,
1043 4221 1141 4280 porro
1158 4221 1357 4284 compressas
1373 4205 1479 4286 utplu-

465 4309 575 4367 rimum
600 4313 793 4392 matricisque
820 4309 1006 4372 substantiae
1031 4317 1132 4374 minus
1161 4317 1332 4377 immersos.
1384 4315 1479 4377 Ulte-

466 4421 530 4478 rius
550 4417 622 4480 doin
641 4421 750 4482 familia
769 4435 895 4506 utraque
916 4427 947 4484 in
967 4426 1129 4488 sectiones
1149 4423 1227 4488 duos
1247 4430 1379 4500 iterum,
1400 4447 1421 4488 s
1435 4427 1477 4488 cl.
