3582 5482
469 814 476 833 '
535 829 602 894 tus.
636 830 678 893 u.
707 827 822 892 nnat.

730 965 762 1016 u,
785 939 896 1002 tutulum

728 1053 789 1134 ββ,
813 1071 998 1118 crustactuttt
1035 1111 1038 1122 .

454 1169 580 1250 Fungus
598 1171 771 1250 piitnitivus
793 1183 876 1232 totus
896 1183 946 1232 est
965 1173 1147 1246 inmersus,
1167 1169 1301 1244 lucidus,
1319 1171 1471 1253 appianu-

454 1295 523 1356 ttts,
559 1281 701 1356 clausus,
738 1281 910 1363 primordia
945 1297 1047 1346 tauron
1081 1282 1230 1347 lubiorum
1256 1289 1289 1344 in
1315 1283 1473 1346 nonnullis

452 1391 513 1476 jam
534 1409 714 1457 cernuntur.
757 1393 872 1454 Fomei
892 1411 957 1456 tum
978 1399 1129 1476 temporis
1150 1397 1338 1479 quandoque
1358 1397 1471 1480 gaudet

453 1505 588 1589 ellipticil
617 1509 782 1590 (utrinque
810 1507 962 1586 obtusi),
989 1512 1053 1570 imo
1074 1507 1285 1584 subruemus,
1314 1529 1404 1592 quam
1425 1525 1471 1572 ta·

452 1639 526 1681 meu
547 1625 579 1678 in
597 1617 710 1682 adultis
730 1641 898 1703 numquam
918 1620 1161 1684 observavimus.
1204 1616 1389 1710 Supersicies
1406 1623 1470 1704 gia·

453 1729 527 1806 bra,
549 1735 646 1795 rarius
666 1737 797 1815 sparsim
819 1732 1036 1808 tuberculosa,
1058 1733 1179 1797 buliuiis
1201 1734 1469 1817 quasiedspersa.

454 1843 608 1906 Interiora
634 1845 762 1927 pulvere
792 1845 916 1907 demum
945 1849 1048 1927 griseo
1066 1881 1083 1894 ·
1101 1861 1205 1910 terreo
1231 1847 1351 1930 repleta
1385 1863 1469 1924 suut,

455 1961 509 2041 apti
527 1958 631 2041 paullo
651 1974 743 2041 post,
772 1958 855 2020 labio
882 1973 1016 2041 utroque
1041 1957 1187 2022 diffracto
1211 1981 1249 2021 ac
1269 1959 1410 2042 perdito,
1438 1963 1472 2024 in

454 2087 619 2135 ventorum
653 2070 817 2134 ludibrium
852 2072 969 2134 cedens
1002 2073 1151 2136 maculam
1186 2071 1390 2135 concoloratn
1417 2073 1472 2136 diu
1498 2121 1501 2129 .

454 2189 655 2267 superstitem
682 2184 838 2267 relinquit.
898 2184 1039 2268 Vulgaris
1068 2185 1182 2268 ubique
1210 2191 1349 2248 occurrit
1375 2207 1408 2260 u,
1437 2191 1472 2248 in

453 2303 547 2360 nmis
567 2301 696 2361 statuatis
716 2297 939 2379 semiputribtts
968 2299 1006 2358 R.
1022 2293 1185 2388 fruticosi:
1212 2303 1246 2360 in
1272 2293 1359 2358 litabo
1381 2297 1469 2358 idaeo

453 2415 598 2494 parcior,
626 2410 729 2494 paullo
757 2409 875 2508 maior,
903 2407 1107 2474 subflaxucsa.
1157 2411 1194 2472 in
1220 2407 1282 2487 ββ,
1311 2411 1468 2494 aliquanto

454 2527 576 2586 minore
602 2523 758 2586 individua
782 2523 902 2607 aliquot
928 2521 1000 2610 (ssu
1020 2522 1104 2606 feta)
1131 2545 1190 2606 per
1210 2525 1360 2586 maculam
1378 2545 1469 2586 com·

454 2657 579 2698 munem
607 2637 706 2698 albam
735 2652 926 2700 crustaceam
952 2641 1219 2720 circumscriptam
1247 2637 1471 2702 subromndam

454 2751 502 2812 vei
523 2749 706 2831 oblongam,
729 2749 854 2810 tandem
875 2748 1082 2824 obliteratum,
1105 2753 1165 2814 situ
1180 2749 1328 2831 parallelo
1343 2769 1468 2831 sparsae

455 2863 514 2928 aed
533 2863 650 2946 reliqua
670 2867 773 2924 omnia
793 2881 864 2924 cum
885 2885 917 2936 u,
943 2865 1141 2924 conveniunt.
1190 2863 1313 2926 Crescit
1340 2863 1417 2925 baec
1438 2867 1470 2924 in

455 2977 580 3040 ratttulla
606 2980 695 3038 variis
722 2973 858 3054 (salicis
884 2971 991 3048 tribue,
1029 2973 1106 3036 Vuis
1132 2953 1299 3063 viniferae,
1330 2975 1469 3038 Vuctt'ttit'

457 3087 615 3170 Myrtiiii)
646 3092 814 3164 emortuis,
848 3107 911 3149 non
938 3085 1128 3172 infrequens.
1148 3119 1190 3136 —
1209 3089 1385 3164 Autumno,
1413 3087 1470 3152 sed

455 3205 597 3282 inprimis
617 3219 700 3262 vere.

538 3311 605 3374 163.
639 3314 683 3375 H.
713 3317 961 3396 quercinum.

455 3425 567 3490 Rarius
593 3441 725 3488 rectum.
779 3427 940 3507 Tempore
966 3425 1081 3488 sunsit
1108 3423 1237 3486 humido
1263 3423 1343 3488 laste
1363 3427 1471 3506 vigens

456 3539 595 3622 ulmique
620 3539 808 3621 amplissimi
838 3538 1006 3602 dehiscens
1031 3537 1166 3598 nucleum
1187 3536 1322 3598 denudat
1342 3557 1378 3598 ex
1398 3536 1470 3598 albo

457 3655 703 3714 cinerascontem
738 3651 927 3718 subsnnme
955 3656 987 3714 in
1018 3669 1132 3734 genere
1163 3667 1275 3712 nostro
1309 3649 1469 3733 indigenae

457 3783 603 3826 octaceoc
623 3764 738 3828 mollis.
777 3767 867 3828 Loco
887 3785 945 3828 suo
965 3763 1144 3840 abundans,
1166 3783 1318 3846 peronne.

539 3877 606 3958 164.
639 3877 683 3940 ld.
710 3876 952 3942 abietiuum.
1061 3856 1064 3864 ¹

733 3987 795 4066 ββ)
818 3987 898 4052 Ledi

458 4101 584 4165 Coloris
604 4101 788 4166 ruiesccutis
808 4103 849 4164 nil
870 4123 1013 4182 umquam
1033 4105 1068 4164 in
1087 4100 1180 4184 iringo
1199 4115 1309 4162 nostro
1326 4099 1471 4182 detegere

457 4219 638 4296 potuimus,
659 4215 732 4278 inda
751 4236 789 4277 ac
810 4215 853 4276 ob
873 4215 935 4278 loci
955 4215 1063 4278 natalis
1087 4215 1327 4295 discrepantiam
1346 4215 1474 4274 varista-

459 4331 498 4388 tis
523 4331 556 4388 in
583 4328 657 4392 loco
691 4349 763 4390 eum
791 4333 1006 4410 proponimus.
1064 4331 1196 4411 Sparsus
1224 4326 1273 4388 vel
1301 4323 1471 4394 consonus.

458 4455 582 4518 tectus,
609 4445 709 4504 retius
734 4439 968 4516 sublimamus,
997 4445 1058 4504 situ
1079 4455 1184 4504 euicto
1203 4439 1349 4522 parallelo
1369 4457 1473 4498 mun-
