3582 5482
459 662 499 740 n
874 697 1053 719 --.

541 839 609 906 153.
641 843 674 904 S.
703 845 1011 926 microspertna.
1146 893 1159 916 ,
1448 907 1453 916 ,

460 953 610 1036 Sporuiae
637 969 744 1018 ovatae
769 954 1001 1037 rotundaeque,
1036 953 1297 1040 subirreffltlstes,
1336 962 1476 1023 omniun

458 1071 691 1132 minutissimae.
732 1067 771 1130 lo
784 1066 891 1150 Fuge,
916 1067 1124 1144 ToxorPr‘no
1141 1083 1203 1132 etc.
1226 1073 1372 1152 copiose.
1400 1071 1477 1136 Per·

458 1183 559 1244 umis.
1467 1189 1470 1196 '

540 1292 607 1370 ¹54·
640 1295 672 1354 S.
703 1291 1060 1374 sphaerosperma.

361 1429 366 1438 ·
457 1403 496 1466 In
515 1404 671 1466 nonnullis
690 1403 783 1488 hujus
810 1404 1033 1486 exemplaribus
1053 1402 1214 1488 spatulae,
1249 1403 1341 1470 lentis
1360 1428 1475 1492 augen-

459 1521 594 1580 tissitnae
622 1537 685 1598 ope
712 1516 874 1591 lustratae,
903 1510 975 1605 filis
1006 1517 1131 1580 minutis
1162 1523 1266 1600 parcis
1294 1523 1504 1584 intertextas·

457 1629 548 1692 uobis
568 1632 739 1710 (opticone
758 1649 863 1730 errore
884 1627 1065 1712 deceptisi)
1086 1649 1269 1713 apparuere.
1284 1663 1327 1682 -
1344 1633 1473 1698 Culmos

459 1741 683 1828 Phragmirigiis
703 1747 806 1810 siccos
827 1761 893 1804 non
912 1739 1090 1825 infrequens
1108 1743 1229 1806 incolit.
1271 1745 1431 1810 Perennis.

714 2009 1213 2104 s.ursrou1uu

539 2194 605 2256 155.
639 2194 682 2258 ll.
710 2194 946 2278 mytilinum.
1013 2257 1017 2262 ,

456 2305 558 2390 Mytili
584 2305 742 2390 cujusdam
771 2307 886 2369 oliaeva
913 2303 1055 2370 conchae
1083 2305 1183 2368 valvus
1207 2301 1313 2369 ttnbas
1344 2307 1402 2370 sibi
1422 2311 1471 2370 in·

457 2419 640 2484 cumbentes
656 2423 777 2504 egregie
788 2419 894 2482 refert.
926 2418 1048 2491 Crustu,
1069 2419 1236 2500 alienigena
1251 2417 1367 2494 forsan,
1388 2419 1471 2482 haud

455 2552 527 2594 raro
560 2533 661 2596 deest.
726 2530 894 2602 Peclr'cellru
928 2547 1078 2596 constans
1111 2531 1270 2614 iungilluut
1303 2547 1469 2608 sustentat,

456 2649 576 2708 etiarnsi
595 2643 794 2708 brevissuuus
815 2665 910 2727 saepe
929 2663 966 2706 ac
985 2647 1065 2706 inm
1088 2647 1216 2706 corticis
1235 2641 1363 2708 fissuras
1381 2645 1471 2708 alias-

456 2777 494 2817 ve
521 2757 698 2842 quisquilias
726 2757 912 2819 delitescens
940 2759 1043 2838 primo
1073 2755 1183 2818 obtutu
1210 2753 1348 2818 delicere
1368 2757 1471 2818 videa·

456 2883 522 2930 tur:
546 2885 595 2932 est
615 2885 718 2932 tamen
737 2873 846 2944 etiam,
870 2868 993 2952 quando
1014 2868 1118 2952 paullo
1138 2869 1257 2952 longior
1273 2889 1311 2931 ac
1325 2869 1471 2932 distincta

455 2983 649 3063 prominulns
669 2988 701 3043 in
721 2981 831 3047 oculos
850 2986 951 3045 statitn
971 2986 1112 3044 incurrit.
1166 2975 1354 3069 Supersicies
1375 2996 1473 3046 trans·

456 3101 568 3158 versitu
589 3095 780 3158 concharum
801 3116 891 3158 rnore
911 3095 1081 3178 elegantule
1102 3097 1224 3168 striata,
1251 3108 1390 3156 cetenun
1410 3093 1472 3176 gla-

455 3205 523 3270 bra.
566 3207 687 3268 Rimom
708 3207 844 3268 hiantem
866 3209 1056 3292 compluries
1067 3206 1215 3270 vidimus:
1237 3205 1295 3268 sed
1311 3207 1470 3280 interiora,

454 3320 580 3382 diuerso
601 3320 649 3382 vel
669 3321 759 3384 coelo
780 3320 920 3382 velanni
948 3335 1089 3402 tempore
1114 3335 1340 3399 ssepenumero
1361 3322 1472 3380 ωιιιί·

454 3449 542 3506 nata,
578 3451 704 3516 seanper
728 3431 821 3494 nobis
845 3447 898 3494 aut
924 3453 1018 3508 cave,
1053 3446 1107 3492 aut
1126 3431 1286 3514 pulverem
1306 3431 1470 3512 quemdam

454 3565 584 3629 parcum
612 3545 728 3608 coloris
762 3544 997 3608 terreo-lusci·
1011 3543 1165 3618 foventia,
1202 3545 1235 3602 in
1263 3557 1470 3624 conspectam

441 3677 587 3742 'smeret
616 3657 699 3720 unde
727 3656 820 3719 dubis
847 3657 888 3720 ds
914 3655 1029 3740 iungilli
1053 3675 1169 3740 genere
1188 3654 1272 3718 haud
1292 3655 1470 3737 spernenda

456 3774 575 3832 ruoveri
607 3789 665 3851 pur
691 3785 750 3832 est.
779 3801 821 3818 -
849 3769 931 3832 Hab.
959 3773 992 3832 in
1018 3773 1135 3833 cortica
1163 3765 1297 3830 obierim
1324 3769 1469 3852 vulgaria

454 3885 552 3944 rarior
571 3888 604 3944 in
623 3885 724 3964 pineo.
766 3885 926 3946 Percussis.

538 3994 604 4058 156.
640 3995 681 4058 H.
708 3993 929 4078 globosum.

455 4107 577 4192 Greges
599 4111 672 4170 setis
693 4107 826 4170 coniecti
846 4123 937 4182 sunt,
965 4103 1048 4168 unde
1075 4105 1214 4188 exempla
1236 4105 1288 4190 ιβ
1308 4105 1470 4169 confluen-

456 4225 497 4282 tia
516 4221 672 4282 interdurn
693 4219 915 4284 observantur:
949 4220 1036 4304 quod
1064 4217 1117 4282 ubi
1143 4218 1401 4302 longitudinaliter
1420 4217 1466 4292 iit,
1541 4295 1548 4306 ·

454 4336 626 4414 specimina
645 4337 778 4396 existunt
806 4332 922 4416 tnajora
943 4332 1095 4414 oblonga.
1126 4353 1204 4414 quse
1233 4353 1292 4414 pet·
1319 4331 1470 4394 labiorum

455 4443 631 4506 conllurtutn
652 4448 756 4508 striata
774 4459 938 4528 apparent.
986 4439 1174 4534 Supersicr'rs
1197 4428 1337 4508 ceserano
1356 4443 1466 4506 laevis:
