3582 5482
440 658 494 722 130
699 662 703 671 '
849 694 1026 714 ---..

513 838 584 922 567.
617 837 660 902 U.
690 835 943 928 Cheiranthi.

434 954 512 1014 Mox
537 953 668 1014 solitarie
699 953 873 1034 prominuls
904 950 1163 1027 suborbioulsris,
1204 971 1277 1013 mox
1312 955 1450 1022 subeon·

436 1066 535 1126 fluens
564 1063 715 1125 difformis
743 1064 933 1144 depressior.
985 1063 1186 1146 Epidormide
1213 1065 1338 1128 tandem
1357 1069 1451 1148 rupti

435 1177 536 1259 pulvis
556 1189 739 1250 evacuetur,
774 1176 857 1236 unde
883 1179 1055 1256 specimina
1080 1180 1180 1238 inertis
1207 1191 1254 1240 snt
1278 1177 1450 1260 frequentia

437 1304 615 1352 occurrunt.
664 1289 702 1348 In
728 1285 808 1350 foliis
837 1289 974 1372 Erysinri
1011 1287 1248 1348 cheirenrhor‘dir
1277 1289 1328 1366 (in
1353 1290 1449 1352 horto

435 1404 568 1483 nostro)
587 1399 670 1462 hsud
690 1398 881 1481 infrequens.
922 1399 1016 1462 Julio.

707 1595 740 1644 D.
786 1591 1172 1643 USTILAGO.

515 1733 585 1798 368.
618 1734 661 1797 U.
689 1748 888 1816 segetum.

711 1869 742 1918 α,
766 1845 884 1906 Hordei

709 1957 745 2034 β,
769 1959 878 2018 Tritici

710 2089 743 2152 γ,
763 2069 891 2130 Avenae
939 2141 945 2154 .

712 2175 739 2254 δ,
763 2183 872 2242 Punici

439 2292 555 2356 Omnes
575 2292 633 2356 hee
653 2313 751 2368 vern,
780 2297 1065 2376 notissimumque
1091 2314 1128 2356 ec
1155 2298 1290 2376 pessime
1310 2307 1450 2378 sogetrun

325 2467 328 2476 ,
438 2423 560 2470 sunnon
579 2409 668 2478 vitis,
689 2405 839 2488 agricolas
859 2407 937 2468 mole
958 2411 1104 2468 crucient.
1144 2407 1283 2470 Aestate.

579 2563 587 2578 .
617 2517 659 2578 U.
691 2518 863 2580 Geticis.

438 2515 581 2710 Legunziqs
608 2629 689 2690 huno
707 2634 740 2688 in
759 2629 936 2712 regionibus
964 2634 1082 2692 nostris
1111 2635 1227 2692 circum
1249 2631 1391 2712 cepsulss
1414 2631 1449 2694 C.

441 2737 583 2800 briseidis
610 2735 861 2828 (Rengersdorf5
895 2737 1124 2829 Cunnertdorf)
1151 2757 1183 2804 et
1210 2749 1390 2825 praesertim
1414 2742 1448 2806 C.

437 2853 594 2936 praecoctis
615 2849 752 2912 Schkuhr
771 2847 949 2940 (filisormis
966 2849 1105 2941 Hoffm.)
1120 2861 1237 2936 possint
1252 2856 1384 2936 uo'piose
1405 2859 1451 2916 vi·

438 2978 561 3046 gentem
582 2977 765 3044 tempestate
786 2963 907 3044 pluvii;
928 2965 1043 3041 Junio,
1064 2965 1158 3028 Juiio.

515 3073 585 3154 370.
619 3075 661 3136 U.
690 3077 935 3158 Tregopogi.

712 3183 774 3263 ββ,
796 3185 1004 3248 Scorzonerne

438 3299 496 3360 Est
514 3317 574 3358 ver.
597 3298 724 3380 pulvere
752 3301 895 3380 parciore
923 3297 1211 3380 purpureo-fusco
1232 3305 1265 3364 in
1284 3298 1450 3362 semone-

332 3411 336 3420 '
440 3433 494 3471 rae
514 3411 633 3470 humilis
652 3409 870 3494 receptaculis.
912 3411 1020 3472 Flores
1046 3415 1179 3494 virgines
1206 3419 1365 3494 corrupti,
1393 3412 1450 3476 de-

439 3527 566 3606 nigrati,
589 3523 749 3604 depressi,
770 3523 897 3603 pulvere
918 3529 1001 3586 intus
1021 3524 1126 3587 obsiti.
1167 3525 1206 3586 ln
1225 3529 1322 3607 pratis
1337 3517 1449 3602 (Oder-

442 3637 508 3716 m‘z)
528 3633 686 3717 frequens.
727 3635 831 3706 Maio,
853 3635 957 3697 danic.

517 3746 585 3830 371.
617 3748 659 3808 U.
688 3747 885 3809 violaceo.

438 3855 530 3924 'Hanc
549 3863 690 3942 apprime
711 3857 851 3920 crebram
872 3861 925 3937 (et
944 3861 976 3918 in
995 3861 1209 3921 remotissimis
1229 3857 1353 3941 quidem
1371 3857 1451 3924 Ger·

439 3977 556 4034 monins
583 3975 693 4052 terris)
720 3975 752 4030 in
779 3969 940 4054 Lychnide
967 3968 1067 4030 dioicri
1093 3969 1131 4030 L.
1160 3970 1232 4030 athe
1257 3975 1450 4052 reperimus:

439 4089 585 4145 rariorem
605 4087 638 4142 in
661 4081 812 4144 cremato
835 4083 944 4142 Behen.
994 4082 1119 4144 Florum
1143 4087 1307 4144 etiamnum
1328 4083 1451 4146 eiroso-

326 4194 330 4214 ¹
441 4217 508 4258 rum
528 4195 663 4258 authoris
683 4195 742 4278 jmn
763 4194 929 4278 virginibus
950 4197 1117 4256 innascitur
1138 4193 1237 4275 pulvis
1256 4194 1357 4268 laxus,
1386 4209 1451 4256 tum

442 4313 592 4390 temporis
612 4307 715 4390 paullo
737 4308 880 4370 dilutior:
905 4311 1066 4370 satumtius
1088 4321 1199 4388 postes
1217 4306 1374 4368 violaceus
1395 4325 1452 4368 co·

441 4422 554 4504 piique
573 4419 720 4484 adsuetus
740 4419 820 4482 flore
840 4434 950 4502 aperto
971 4425 1003 4482 in
1024 4420 1179 4500 calycem,
1213 4431 1306 4500 quem
1325 4420 1453 4480 semire-
