3528 5482
709 713 887 730 ·“·······
1274 701 1293 762 7

279 881 374 944 pens,
404 859 729 942 ferrugineo-terrea,
752 859 823 920 dein
845 864 1044 942 nigrescens:
1072 877 1104 922 at
1131 863 1293 944 ingmente

278 975 427 1056 gelatinae
448 977 628 1053 eruptione,
662 963 770 1033 cortex
790 991 886 1052 super
907 977 1016 1054 qupvis
1036 993 1114 1055 poro
1142 978 1175 1033 in
1203 975 1294 1034 ostio-

279 1086 340 1146 lum
368 1083 670 1165 hemisphaericum,
698 1083 822 1164 globulo
844 1085 1018 1146 cirrltulove
1039 1089 1227 1166 spermatico
1247 1091 1294 1146 ni-

278 1217 335 1279 gro
368 1195 493 1258 demunt
522 1195 656 1282 deciduo
683 1195 787 1276 paullo
815 1211 892 1278 post
919 1211 1119 1272 coronatum,
1157 1198 1294 1278 plerum·

280 1331 341 1391 que
367 1310 520 1382 elevetur,
549 1307 633 1368 unde
660 1305 754 1388 fungo
779 1306 896 1369 effoeto
925 1322 988 1369 tota
1019 1307 1114 1371 facies
1145 1309 1295 1374 colliculis

281 1425 347 1483 istis
368 1425 537 1502 aggregatis
557 1424 647 1500 apice
667 1423 802 1500 pertusis
827 1420 954 1481 horret:
985 1435 1033 1482 est
1060 1435 1163 1483 tamen
1190 1426 1293 1497 enain,

199 1505 204 1510 .
281 1533 405 1614 quando
426 1533 579 1614 murilego
600 1530 775 1593 seminiiera
794 1531 888 1596 solito
908 1531 1055 1608 lluxilior,
1074 1535 1184 1594 ostiola
1200 1533 1296 1594 ellor-

279 1665 364 1704 mere
383 1665 551 1718 recusans,
578 1643 661 1705 illico
689 1644 768 1704 mele
794 1647 955 1726 inquinans
976 1650 1217 1728 circumquaque
1238 1644 1296 1706 dif-

279 1755 358 1818 fluit.
403 1755 528 1817 Strome
557 1755 673 1816 coloris
695 1770 799 1816 exacte
820 1761 912 1818 terrei
933 1758 1088 1838 (pulveris
1111 1754 1296 1838 Tubulinne)

280 1873 355 1932 satis
376 1883 588 1949 compactum,
611 1873 692 1928 inter
711 1882 835 1928 ventres
851 1867 1081 1948 sphaerularum
1104 1869 1201 1930 dense
1217 1890 1295 1930 oon-

244 2003 249 2008 ·
280 1997 388 2062 gestos
409 1985 441 2039 in
462 1980 609 2044 lautellam
637 1983 854 2060 separatoriam
884 1994 1007 2041 tenuem
1034 1981 1296 2060 semipellucidam

282 2079 518 2173 compressum,
543 2095 575 2151 in
595 2090 753 2171 pulverem
774 2091 897 2152 tandem
925 2112 943 2152 e
971 2093 1097 2152 sordide
1123 2091 1297 2174 ferrugineo

282 2204 545 2266 subvirescentern
566 2203 718 2264 dilabitur.
761 2202 951 2284 Sphaerulae
970 2209 1121 2288 omniurn,
1143 2219 1298 2288 quotquot

282 2316 444 2397 hucusque
456 2314 600 2388 vidimus,
621 2314 709 2376 facile
722 2320 877 2386 utaxltuao,
899 2311 953 2400 sss
965 2293 1059 2377 lineas
1074 2316 1202 2400 longae,
1228 2341 1239 2378 1
1238 2315 1263 2402 s
1261 2327 1297 2399 1}

280 2429 375 2502 latae,
397 2443 484 2490 arcte
507 2442 703 2510 aggregatae:
726 2415 897 2502 inlerdutn,
919 2431 951 2486 in
972 2447 1092 2489 summo
1114 2436 1296 2509 praesertim

203 2599 207 2604 .
281 2557 422 2622 turgore,
444 2540 662 2621 lagenil'ormes
684 2540 783 2618 (collo
805 2543 954 2620 imposito
975 2543 1103 2620 ovatae)
1119 2573 1159 2588 -
1179 2556 1213 2601 ut
1225 2543 1296 2623 plu·

281 2659 391 2714 rirnutn
418 2668 520 2713 marten
545 2673 564 2713 e
589 2651 656 2716 basi
682 2652 848 2713 rotundati
877 2653 980 2733 paullo
1009 2653 1118 2713 latiore
1146 2653 1297 2736 cylindra·

282 2787 373 2838 oeae,
402 2765 458 2827 sed
480 2764 522 2823 ob
543 2763 671 2824 densam
691 2769 867 2846 congeriem
888 2769 919 2824 in
939 2784 1035 2824 unuin
1055 2765 1222 2826 alterumve
1241 2787 1296 2828 an-

281 2877 384 2958 gulum
421 2897 645 2957 compressae,
684 2875 758 2937 hinc
797 2877 1073 2958 subprismaticae;
1116 2896 1237 2938 sursum
1265 2883 1298 2940 in

282 2988 391 3048 collum
417 3001 499 3050 teres
527 3007 621 3068 saepe
641 2988 921 3062 incurviusculurn‚
950 2985 1086 3047 uentrem
1106 2988 1297 3071 longitudine

281 3099 493 3181 subsequens,
531 3113 728 3182 angustatus:
761 3121 890 3162 munere
926 3119 983 3162 suo
1013 3098 1176 3161 defirnctae
1204 3117 1297 3185 atque

282 3213 456 3294 collapsae,
489 3212 598 3293 Hydni
618 3212 742 3273 subulas
763 3212 845 3274 haud
866 3217 971 3294 inepte
992 3212 1192 3276 consulantur.
1238 3213 1297 3276 Ge·
1388 3236 1392 3244 ¹

281 3323 382 3384 hrtina
416 3329 496 3384 sueti
521 3324 635 3384 coloris
664 3323 765 3382 thecas
789 3339 890 3405 gestat
919 3339 1062 3406 angustas
1081 3371 1089 3400 ,
1108 3323 1297 3414 „uenenat-

281 3437 430 3510 lineares,
452 3439 553 3496 utinm
573 3439 708 3516 magisve
728 3434 899 3510 flexuosas,
930 3437 1041 3518 quibus
1067 3439 1203 3498 inclusae
1231 3457 1298 3498 cer·

281 3563 397 3608 nuntur
416 3545 557 3628 spatulae
576 3545 796 3608 subrotundae.
839 3547 876 3608 In
898 3563 1008 3609 uunco
1036 3548 1203 3630 putredine
1223 3571 1298 3630 pae-

281 3681 323 3722 ne
353 3673 516 3723 consumto
545 3655 676 3718 abietino
717 3661 832 3738 (semel
858 3665 950 3721 etiam
979 3659 1111 3741 alneol)
1145 3665 1178 3719 in
1207 3661 1298 3744 sylvis

283 3775 394 3852 opacis
415 3774 529 3851 passim
557 3774 728 3840 invenimus
755 3769 883 3852 fungum
909 3773 1083 3847 vernalem
1114 3771 1298 3836 adolescen-

282 3900 347 3945 tem
367 3885 499 3954 Martio,
521 3881 655 3943 feracem
684 3883 802 3964 Aprili,
834 3884 985 3945 exoletum
1014 3883 1178 3966 (rigidum,
1209 3886 1316 3969 fregi--

283 3995 364 4070 lem,
386 3999 474 4075 poris
492 3995 667 4075 majusculis
687 3995 902 4076 irregularibus
923 3996 1132 4077 perforatum)
1152 3999 1251 4061 Male.

362 4127 413 4168 aa.
448 4108 479 4166 S.
504 4111 669 4168 citrina.

283 4217 431 4298 Exempla
451 4223 571 4282 iuniore
597 4233 737 4280 tomento
766 4223 858 4282 niveo
885 4237 951 4282 tota
977 4221 1122 4284 obtecta:
1150 4223 1300 4284 adultiora

285 4328 447 4412 (margine
461 4335 613 4413 excepto)
633 4331 729 4392 laevia
751 4333 914 4414 applanata
935 4334 1126 4397 subrivulosa
1144 4336 1300 4416 eleganter

285 4443 411 4502 citrina:
438 4443 545 4504 senilia
564 4447 598 4504 in
617 4443 767 4506 ochreum
787 4461 927 4528 vergunt.
971 4445 1150 4508 Substantia
1171 4467 1299 4510 carnosa
