3574 5486
752 737 931 752 ·-·-·*-··-
1286 709 1345 782 ²49

327 881 411 944 unde
430 879 565 942 tandem
594 899 694 960 opace
714 879 880 959 l'ernrginai
907 875 1174 941 subolivasoentes
1201 879 1343 954 evadunt,

319 1049 322 1056 .
328 994 400 1076 plus
420 996 519 1055 minus
540 992 631 1056 simttl
650 991 743 1052 laceri
762 1007 855 1073 atque
868 989 1043 1073 aubgyrosi.
1085 991 1200 1054 Affinis
1220 993 1345 1074 quidem

328 1111 455 1178 omniuo
474 1110 618 1188 sequenti
637 1105 777 1186 species:
806 1101 921 1162 affatim
948 1118 1049 1172 tamen
1068 1073 1190 1166 dlversa
1209 1103 1343 1166 videtur.
1423 1179 1429 1188 ¹
1494 1087 1496 1098 ι

329 1223 403 1280 var.
425 1233 555 1301 utraque
574 1219 609 1278 in
628 1221 742 1299 pinetis
762 1217 855 1276 mixta
865 1215 1018 1276 occurrit:
1042 1237 1074 1290 a,
1096 1216 1247 1279 hacteuus
1266 1237 1345 1279 non-

328 1331 389 1392 nisi
408 1331 442 1391 in
464 1330 541 1390 Pino
561 1329 849 1413 sylaeitrireperta.
882 1329 964 1388 Hinc
984 1328 1068 1389 illinc
1089 1330 1138 1406 (v.
1162 1350 1191 1391 c.
1214 1329 1346 1390 Buchen·
1414 1362 1420 1372 ·

329 1442 502 1512 waldaleni,-
527 1437 712 1530 Qnizdorfer
732 1441 851 1512 tinem
869 1438 1013 1500 denuer
1034 1442 1155 1524 Berge)
1183 1457 1342 1518 autunum,

328 1556 459 1638 hyeme,
481 1576 563 1617 vere.

407 1667 479 1750 739.
510 1669 549 1730 B.
576 1668 727 1730 alneur.

329 1781 429 1844 Piiaas
447 1782 517 1864 plus
537 1786 640 1844 minus
660 1779 857 1863 inaequalia,
874 1779 1075 1862 gibberosus:
1112 1781 1238 1868 demum
1259 1793 1344 1842 totus

328 1894 420 1958 laevis
449 1917 468 1956 e
495 1895 640 1977 spadiceo
668 1892 835 1974 nigricans.
887 1893 1039 1952 Parorum
1067 1895 1169 1954 micor
1197 1907 1345 1954 constans

329 2023 361 2068 et
388 2027 462 2069 vere
492 2002 774 2070 clismaterisucus.
843 2005 967 2066 Crescit
1000 2007 1040 2066 ad
1078 2021 1208 2068 truncos
1242 2006 1345 2065 nlneor

329 2134 362 2180 et
389 2120 505 2201 passim
533 2123 624 2181 etiam
653 2117 799 2178 betulinas
826 2118 876 2196 (v.
906 2138 937 2178 c.
969 2141 1018 2176 nm
1039 2117 1193 2200 windigea
1213 2119 1343 2188 Domnu-
1376 2157 1383 2188 ,

321 2215 490 2292 ‘motatur
502 2229 621 2300 Βαίας
641 2228 942 2300 sctnnrunann
963 2233 1048 2310 σω.)
1064 2231 1226 2312 frequens:
1248 2221 1344 2292 senet

329 2365 455 2427 quoque
475 2347 508 2404 in
529 2343 657 2406 caudice
678 2343 801 2408 analeo
823 2343 1026 2404 semimortuo
1044 2345 1187 2426 carpineo
1207 2343 1344 2424 (Dicin)

327 2461 472 2519 inventus
492 2455 564 2530 luit,
595 2470 628 2518 et
653 2456 751 2539 primi
779 2455 905 2537 quidem
928 2456 998 2518 vice
1018 2469 1089 2516 aute
1109 2455 1344 2537 explicationem

329 2568 496 2650 plenariam
517 2568 749 2642 sublucescens,
772 2572 907 2651 margine
927 2567 1006 2630 laete
1026 2567 1233 2642 flavescente,
1261 2583 1294 2628 et
1312 2571 1345 2628 in

329 2685 505 2744 universum
533 2702 550 2740 a
580 2681 792 2762 descriptione
819 2683 856 2743 Β.
878 2683 1015 2763 carpinei
1042 2681 1169 2740 minime
1188 2679 1341 2753 altannus}
1398 2671 1407 2689 Χ

328 2808 361 2866 at
385 2808 532 2854 autumno
559 2795 633 2854 anni
660 2799 851 2876 insequentis
879 2799 990 2854 iterum
1019 2794 1093 2854 loco
1113 2797 1216 2854 nativo
1237 2795 1344 2872 inspe-

330 2921 419 2981 ctus,
458 2926 589 2989 prorsus
617 2904 684 2987 'ianr
715 2905 857 2968 evolutus
892 2906 1003 2966 faciem
1031 2907 1067 2966 Β.
1080 2897 1086 2942 J
1096 2905 1177 2964 alnei
1204 2923 1344 2986 eousque

330 3033 435 3080 ennete
455 3019 614 3090 induerat,
637 3032 671 3076 ut
690 3018 729 3078 ab
750 3039 789 3080 eo
811 3019 952 3100 dignosci
972 3017 1055 3078 haud
1067 3017 1199 3100 amplius
1219 3031 1342 3098 posset.

330 3131 422 3192 Unde
443 3131 655 3212 suspicionem
675 3130 769 3191 nobis
789 3146 888 3190 ortam
910 3151 997 3202 esse,
1019 3133 1098 3192 anne
1117 3129 1228 3212 fungus
1247 3130 1344 3212 angli·

329 3263 386 3305 cus
407 3243 445 3303 ud
466 3244 555 3304 lmius
576 3259 693 3303 tanturn
713 3243 885 3322 primordia
906 3245 1106 3322 (praesertim
1122 3262 1194 3303 curn
1213 3243 1285 3324 pori
1304 3241 1345 3302 ad
1376 3251 1379 3266 ⁵

329 3357 403 3438 pilei
438 3360 605 3436 marginem
632 3353 707 3414 malli
734 3354 894 3434 dicantur)
928 3355 1104 3436 pertineat?
1142 3374 1236 3416 neruo
1270 3373 1344 3416 sana

328 3469 501 3530 tunabitur.
542 3471 635 3550 Viget
649 3468 794 3548 ‘inprimis
814 3482 974 3528 autumno.

408 3589 479 3660 74⁰·
511 3580 554 3657 Ii.¹
578 3579 756 3642 adustus.

288 3678 293 3688 ’
329 3695 437 3753 Variat
458 3693 562 3774 quoad
580 3693 654 3775 pilei
684 3697 881 3766 tenuitatem,
910 3691 1059 3774 basinque
1079 3709 1164 3751 nnnc
1187 3688 1344 3754 lutescen·

329 3821 411 3878 tem,
434 3821 521 3866 tntnc
539 3805 737 3866 concolorem
765 3805 919 3887 pallidam.
964 3803 1064 3864 Pileus
1095 3778 1249 3863 interdum
1269 3804 1348 3863 satis

330 3919 475 3980 distincte
507 3933 644 3980 conatus.
687 3921 763 3979 Pori
800 3934 979 3980 constanter
1006 3919 1126 3977 minuti.
1168 3915 1344 3976 innascitur

331 4035 448 4091 mincia
469 4029 559 4091 variis
579 4031 694 4112 passim
713 4031 876 4114 frequens,
898 4031 996 4115 ruodo
1011 4029 1186 4088 dimidiatus
1200 4024 1350 4086 imbrice·-

330 4158 397 4217 tus,
419 4141 881 4207 moderationum-reflexus.
923 4145 1095 4216 Autumno,
1112 4139 1234 4222 hyeme,
1257 4157 1341 4199 vere.
1399 4123 1403 4132 ¹

408 4262 478 4334 74¹·
510 4254 548 4315 B.
578 4259 747 4338 crispus.

329 4367 409 4429 Item
429 4387 661 4449 nonnumquam
682 4367 1026 4450 elimo-resupinatus.
1069 4365 1171 4425 Pileus
1191 4362 1278 4425 valde
1297 4376 1345 4424 te·

329 4481 419 4556 uuis,
447 4479 657 4562 praecedente
677 4480 858 4557 obscurior,
880 4495 963 4544 totus
983 4479 1049 4542 lero
1068 4481 1240 4561 uigficaum
1270 4473 1344 4537 aul>

1262 4611 1303 4674 32
