3582 5482
457 689 511 768 ilo
819 729 824 738 .
877 725 1053 744 .......

530 879 600 951 4¹¹·
634 873 673 932 A.
702 871 739 932 L.
768 871 934 935 felinus.

452 983 590 1043 Annulus
615 1003 729 1064 parvus
755 984 897 1066 quidem,
937 983 993 1044 sed
1023 983 1197 1048 distinctus.
1243 987 1357 1048 Rarior
1389 985 1466 1049 llaec

452 1101 576 1177 species
597 1101 629 1156 in
648 1095 803 1158 mnbrosis
822 1097 964 1158 abietiuia
985 1111 1088 1158 tamen
1107 1097 1271 1180 aliquoties
1291 1100 1390 1174 lecta,
1412 1117 1468 1164 so-

452 1208 558 1270 litaria.
601 1207 795 1290 Septembri,
819 1209 964 1269 Octobri.
1184 1183 1195 1197 ἱ

530 1327 598 1400 4¹²·
630 1321 670 1382 A.
699 1323 736 1382 1..
765 1320 1089 1402 mesomorphtts.

727 1431 753 1508 β
812 1454 912 1493 roseus

453 1543 645 1616 mulenellos,
675 1543 806 1626 fragilis,
835 1549 947 1608 tenuis.
991 1544 1091 1604 Pileus
1115 1539 1310 1628 rsaunciells,
1348 1557 1465 1609 couve-

452 1677 526 1730 aus,
569 1657 693 1717 demum
728 1657 854 1738 planus,
897 1657 1015 1739 glaber,
1053 1657 1216 1734 humidus,
1255 1658 1463 1734 subvlscosus,

453 1767 715 1831 subumbonatus:
756 1769 823 1850 ejus
858 1769 959 1830 color·
973 1791 992 1830 e
1019 1769 1133 1832 llavido
1167 1791 1206 1832 ac
1239 1771 1355 1833 rosello
1389 1775 1466 1830 mix·

453 1896 502 1941 tus
541 1896 607 1956 est,
653 1886 685 1941 in
721 1897 829 1943 centro
866 1885 1038 1943 saturatior.
1107 1881 1266 1942 Lemellne
1305 1883 1463 1956 candidae,

452 1998 663 2068 ventricosus,
684 1993 809 2054 liberae.
852 1992 974 2076 Stipitis
996 1994 1087 2054 color
1107 1994 1263 2076 eleganter
1277 2015 1386 2056 roseus
1405 2015 1465 2075 per

451 2103 574 2167 floccos
600 2106 685 2168 laxos
712 2110 850 2204 sericeos
875 2105 1054 2166 llavicantes
1082 2105 1140 2168 sub
1160 2107 1273 2167 annulo
1293 2111 1464 2188 persisten-

452 2232 500 2280 tes
522 2233 712 2298 transparet:
741 2217 868 2278 annulus
888 2223 957 2299 ipse
978 2216 1117 2299 ejusdem
1140 2238 1272 2298 prorsus
1292 2233 1463 2280 structurae

451 2333 671 2412 picturaeque,
694 2329 915 2410 mollissimus..
939 2329 1063 2390 densum
1085 2334 1248 2391 evanescit
1288 2331 1364 2391 Ver.
1386 2331 1464 2392 haec

451 2459 556 2508 nostra
582 2463 600 2503 a
628 2441 861 2514 Bulliarrliand‚
898 2446 946 2503 cui
980 2446 1077 2523 stipes
1104 2442 1196 2504 laevis
1231 2463 1301 2503 esse
1330 2443 1462 2516 videtur,

385 2555 390 2563 '
428 2597 432 2608 ι
451 2555 581 2618 forsitan
602 2561 707 2638 specie
729 2553 898 2636 separanda
918 2557 986 2615 erit.
1029 2553 1213 2615 Rarissituae
1229 2555 1368 2636 exempla
1387 2575 1464 2636 pau·

452 2689 506 2744 ce,
537 2669 593 2731 sed
620 2667 775 2750 perlecta,
813 2667 909 2728 semel
936 2670 1058 2727 inventa
1083 2665 1168 2728 luere
1189 2671 1220 2726 ln
1239 2667 1382 2730 ebiotinis
1401 2687 1465 2728 tna·

452 2781 596 2844 dentibus
623 2779 777 2841 umbrosis
803 2783 940 2860 epigaea.
981 2779 1120 2840 Eseunte
1142 2779 1329 2860 Septembri.
1372 2779 1463 2858 (Mo-

453 2893 553 2954 ltolzer
574 2889 704 2971 llot'de).

530 3003 599 3084 413.
632 3004 672 3066 A.
702 3003 739 3065 L.
768 3001 1021 3066 Carcharias.

452 3117 500 3180 ci.
523 3119 605 3178 Pers.
628 3116 670 3176 lc.
692 3117 794 3197 pictae
813 3114 841 3175 i.
870 3114 931 3175 tab.
953 3117 995 3176 V.
1018 3113 1040 3174 i.
1066 3111 1173 3174 1-3.
1202 3115 1295 3192 (icon
1315 3119 1462 3198 optimu).

454 3229 553 3289 Pileus
576 3225 769 3312 istunclalls:
791 3229 882 3308 stipes
901 3227 1086 3288 mediocris:
1109 3225 1248 3286 lamellae
1264 3227 1323 3288 late
1342 3229 1465 3290 lanceo-

451 3341 537 3404 latae.
578 3339 684 3420 Sapor
703 3343 735 3398 in
754 3343 870 3401 uostris
891 3339 979 3400 valde
995 3357 1167 3401 nauseosus
1183 3339 1317 3421 quidem,
1339 3356 1371 3400 at
1386 3359 1465 3400 cou-

451 3468 569 3516 stanter
600 3465 683 3513 totus
719 3455 808 3514 uritis.
863 3453 967 3532 Atque
992 3447 1045 3512 luc
1072 3453 1103 3510 in
1131 3455 1306 3514 universum
1335 3471 1464 3514 monere

450 3565 559 3636 liceat,
582 3565 776 3626 characteres
795 3583 813 3622 a
833 3583 947 3645 sapore
967 3562 1015 3622 vel
1035 3563 1134 3624 odore
1154 3561 1319 3644 fungorum
1339 3565 1463 3626 desum-

451 3691 520 3750 tos‚
548 3681 667 3738 etiamsi
695 3681 821 3738 sumitate
848 3676 1020 3757 negligendi
1048 3679 1127 3748 sint,
1165 3675 1248 3776 hinc.
1266 3691 1366 3736 temen
1390 3695 1463 3737 seu·

451 3809 540 3851 suuru
560 3793 592 3849 iu
618 3787 743 3870 singulis
770 3808 872 3870 poene
898 3787 1121 3850 scrutatoribus
1148 3788 1386 3870 idiosyncratioe
1414 3787 1463 3848 dl-

451 3921 610 3964 versorutu
631 3901 745 3982 judicio
767 3921 861 3982 saepe
882 3900 978 3960 lelluci
1000 3899 1167 3972 obnoxios.
1189 3901 1272 3960 illinc
1293 3921 1353 3980 pro
1374 3899 1462 3962 loco·

449 4033 517 4074 rum
538 4013 680 4076 rutallum
700 4015 780 4074 varill
802 4012 903 4074 indole
924 4011 1092 4073 admodum
1117 4011 1298 4082 mutabiles.
1329 4013 1463 4072 circutu-

450 4129 588 4206 spectiue
610 4123 737 4186 omniu'o
764 4145 824 4186 noc
850 4145 993 4208 umquam
1019 4129 1078 4185 nisi
1109 4123 1242 4184 additive
1270 4122 1463 4184 adhibendos

449 4255 553 4318 neque
578 4240 671 4298 nimio
697 4237 905 4300 aestimandos
932 4255 1011 4300 esse.
1035 4267 1078 4284 -
1103 4235 1139 4294 ln
1159 4235 1251 4317 sylvis
1278 4237 1463 4316 praesertim

449 4347 592 4410 abietinis
611 4350 765 4413 rarissima
783 4353 909 4434 species
929 4349 1017 4412 coelo
1037 4352 1144 4424 sicco,
1172 4349 1283 4410 crebra
1302 4347 1460 4410 humente.

450 4463 538 4543 Sept.
562 4461 636 4524 Oct.
