3468 5486
677 759 857 775 -····-
1217 728 1274 792 351

257 905 371 970 ilerum
397 905 594 987 peziroideus
620 919 768 986 apparet:
803 920 835 966 at
855 902 1025 966 mittentii
1045 906 1278 972 membranacei

258 1037 409 1102 perquam
425 1019 533 1080 teneti
546 1037 619 1079 mox
633 1017 857 1093 flaccescente,
876 1024 993 1102 speciei
1009 1026 1151 1102 sequenti
1168 1023 1278 1104 (aeque

257 1151 296 1192 ac
318 1131 403 1192 color
423 1135 626 1212 statutoque)
648 1131 777 1214 eggrmi,
806 1130 890 1193 hune
917 1133 976 1194 sibi
1005 1133 1141 1194 vindieat
1160 1134 1276 1196 locum.

258 1242 345 1305 Pube
373 1247 458 1306 tenui
485 1259 568 1306 totus
588 1243 696 1306 hirtus.
738 1244 840 1326 Stipes
861 1245 998 1328 gracilis,
1032 1244 1230 1322 delicatulus,
1257 1246 1278 1308 3

258 1355 313 1417 lin.
336 1353 401 1418 iere
422 1357 549 1438 longus:
570 1356 667 1438 pileus
685 1359 838 1432 minutus,
861 1358 1060 1422 semilinearis
1081 1361 1140 1438 (vix
1154 1359 1276 1442 major),

257 1473 473 1551 resupinatus,
502 1473 534 1529 in
561 1467 659 1532 fundo
686 1475 858 1532 eminenter
886 1471 1090 1546 mnbonatus,
1118 1471 1158 1532 ad
1184 1473 1278 1534 latera

257 1581 329 1662 plus
357 1585 497 1644 minusve
524 1583 648 1664 gibbus.
690 1585 865 1664 specimina
898 1601 1014 1666 pauca,
1050 1584 1106 1646 sed
1133 1585 1279 1648 distincta

257 1711 295 1756 ac
322 1695 481 1776 praecinto
508 1699 656 1777 vigentia,
692 1698 724 1754 in
752 1696 882 1757 strobilo
912 1697 985 1755 Pini
1011 1697 1165 1780 sylvestris
1198 1697 1278 1760 iocis
1410 1721 1415 1731 ⁸

258 1805 391 1886 putridis
425 1806 550 1889 dejecto
584 1805 803 1887 (Gtrstmnnns
838 1801 1034 1894 Psinnznng)
1068 1811 1164 1872 semel
1197 1810 1279 1872 lecta

258 1935 389 1980 exeunte
408 1919 562 2002 Augusto.

342 2037 431 2112 ¹⁰47·
464 2033 506 2094 Η.
535 2031 726 2114 glabrum.

260 2142 362 2226 Stipes
384 2149 586 2221 tenerrimus,
609 2146 698 2207 vaide
718 2145 847 2220 debilis,
869 2145 952 2207 illico
966 2145 1142 2208 eoliabitur:
1164 2161 1277 2229 postea

179 2249 182 2256 ’
258 2271 363 2318 nmen
389 2253 574 2340 aliquamdiu
600 2263 740 2338 persistit
770 2257 923 2340 iungiilus.
986 2257 1170 2341 infrequens
1197 2259 1276 2324 locis

259 2367 415 2433 umbrosis
436 2369 637 2434 humentibus
658 2372 706 2450 (v.
727 2392 754 2432 c.
777 2367 1011 2460 Lehmgruben)
1040 2369 1113 2432 folia
1133 2371 1274 2448 decidua,

258 2483 333 2545 actis
353 2487 463 2566 pineas
482 2499 593 2565 putres
613 2499 677 2546 eto.
699 2487 847 2566 gregatim
867 2483 987 2546 incolit.
1029 2485 1132 2546 Primo
1152 2505 1235 2548 vere.
1319 2547 1329 2556 ,

341 2596 428 2676 1048.
464 2597 507 2658 H.
535 2595 793 2678 melanopus.

261 2706 363 2790 Stipes
384 2708 513 2772 hirsutis
533 2707 635 2770 albidi
655 2713 772 2790 passim
793 2713 825 2769 in
846 2707 1002 2770 nonnuliis
1023 2707 1196 2782 obductus,
1219 2707 1276 2769 he-

257 2821 445 2902 terogenei,
468 2836 502 2882 ut
522 2821 654 2884 videtur.
696 2821 734 2881 In
753 2820 849 2896 iuliis,
873 2799 1045 2904 stipitibus,
1075 2821 1191 2882 acubus
1212 2835 1274 2884 ete.

255 2931 388 3014 dejectis
414 2933 565 3016 sylvarum
601 2935 676 2996 hino
706 2933 791 2998 illinc
824 2936 872 3013 (v.
900 2956 931 2996 e.
960 2932 1080 3002 linitis,-
1115 2928 1276 3002 Trebnsser

192 3101 194 3106 .
261 3043 385 3126 Woid).
427 3045 603 3122 Autumno,
624 3067 711 3109 vere.
867 3049 871 3059 '

164 3138 171 3150 ¹
335 3177 409 3220 oss.
435 3179 462 3220 t.
505 3159 626 3241 speciei
645 3159 735 3232 huic,
758 3180 836 3243 quse
849 3159 912 3241 Ag.
933 3158 1116 3241 Omphalioe
1136 3158 1277 3244 epipiyi·

258 3273 308 3336 loe
341 3277 481 3355 proxima
513 3270 607 3334 nobis
642 3291 768 3354 quoque
801 3271 1001 3334 vehementer
1032 3286 1180 3354 suspecta
1214 3287 1274 3344 est,

258 3387 331 3448 olim
352 3385 459 3452 forsan
479 3386 623 3448 substitui
643 3389 761 3466 poterit
782 3385 823 3445 ii.
840 3387 1096 3459 cinnamomum,
1119 3383 1276 3446 submem·

257 3497 448 3563 branseeum
468 3519 636 3561 convexum
657 3499 741 3559 leave
758 3501 1024 3572 cinnamomeum,
1046 3499 1153 3579 stipite
1173 3497 1277 3575 (tenui
1367 3521 1373 3532 ·

256 3609 394 3674 filiionni
422 3611 523 3689 3-4
550 3611 601 3672 lin.
627 3611 740 3691 longo)
767 3607 915 3672 deorsum
943 3613 1044 3690 nigro.
1097 3610 1210 3670 Forma
1237 3609 1276 3667 ii.

257 3721 374 3806 glabri.
416 3723 516 3784 Piiens
537 3721 712 3792 2-51irt.
732 3722 823 3786 latus.
864 3721 1066 3784 Rarissimum
1084 3717 1276 3803 epiphyllum

258 3835 398 3918 (linitis)
421 3838 523 3898 iunio.

338 3971 419 4014 ors.
444 3970 473 4011 2.
515 3947 694 4010 sectionem
714 3948 796 4010 hene
817 3947 859 4024 B,
891 3949 1013 4029 speeies
1033 3899 1162 4027 lignes
1176 3963 1275 4006 mem-

258 4062 425 4126 branaceas
455 4061 736 4150 complectentem,
771 4080 836 4121 non
870 4081 906 4120 ex
939 4058 1129 4119 Heletiorum
1162 4077 1276 4138 genere

258 4191 394 4250 tantum,
418 4175 636 4237 verumetiam
659 4195 695 4234 ex
718 4173 835 4254 integri
857 4170 1131 4232 Helvellaicleotnm
1152 4169 1274 4244 nunti,
1366 4219 1369 4225 Δ

259 4289 462 4362 exulaturem,
484 4291 709 4370 propriumque
728 4305 826 4368 genus
847 4288 1101 4358 constitutumm,
1132 4303 1208 4344 vero
1236 4285 1278 4343 si·

258 4401 416 4463 utillimum
450 4405 558 4482 utique
591 4413 650 4460 est.
712 4395 966 4460 Fructiiioatione
1008 4402 1090 4458 enim
1129 4394 1277 4478 peculiari

205 4529 207 4539 ’
258 4491 449 4598 prorsusque
469 4535 487 4575 a
508 4512 623 4574 Pezizis
650 4509 747 4574 alieni
768 4510 902 4594 gaudere
922 4508 1058 4574 vitienu:
1088 4508 1128 4570 de
1150 4507 1209 4592 qut
1230 4522 1276 4570 ts-
