3528 5482
1257 709 1328 776 vll

315 910 594 986 commentario
634 905 781 980 assidui
823 905 1001 1016 comites,
1046 929 1066 978 a
1101 903 1327 978 denomina-

313 1046 489 1120 tionibus
516 1045 716 1134 classium,
745 1029 945 1130 ordinum,
981 1065 1181 1138 generum,
1215 1039 1327 1114 fami·

313 1183 472 1269 limum,
501 1179 714 1276 specierum
729 1177 1049 1250 transscribendis
1071 1199 1226 1272 prorsus
1244 1176 1328 1249 abs·

313 1316 544 1388 tineremuss
583 1315 687 1387 libro
723 1314 827 1386 enim
862 1314 980 1385 unico
1014 1312 1198 1386 hactenus
1235 1338 1327 1387 con·

257 1526 259 1534 ,
316 1469 487 1548 spectum
521 1449 736 1548 fungorum
771 1423 1034 1520 metliodicum
1077 1451 1328 1544 amplectente

313 1587 444 1660 virum
470 1585 737 1678 mycophilum
771 1585 905 1680 utique
933 1583 1129 1654 neminem
1154 1584 1327 1684 destitui,

316 1739 419 1795 certo
454 1721 569 1793 nobis
604 1719 726 1792 stabat
759 1717 914 1810 judicio.
982 1723 1083 1790 Nam
1122 1719 1206 1822 etsi*
1226 1745 1327 1792 non·

313 1854 423 1928 nulla
464 1879 547 1928 esse
582 1855 625 1927 in
667 1859 874 1946 systemate
907 1855 1187 1944 Persooniano,
1231 1879 1328 1952 quae

313 1987 449 2062 mam(
475 2008 611 2088 egeant
656 1991 911 2062 emendatrice
946 2027 999 2045 -·
1042 2014 1178 2088 genera
1222 2016 1257 2064 v.
1295 2015 1326 2063 c.

235 2145 237 2152 “
314 2128 411 2214 alia,
438 2113 508 2196 'in
543 2125 836 2196 Hellvelloideis
878 2125 1120 2220 praesertim,
1163 2123 1329 2200 fructifi-

314 2261 466 2334 catione
504 2283 672 2358 congrua
706 2284 778 2333 nec
810 2259 891 2332 nisi
924 2258 1069 2332 formae
1105 2259 1328 2335 discrimine

313 2395 554 2470 interstincta
581 2397 661 2468 talo
686 2396 763 2468 niti
789 2395 878 2468 satis
904 2393 1086 2483 infirmo,
1113 2395 1186 2468 alia
1213 2398 1267 2490 (e.
1291 2421 1325 2496 g.

316 2523 527 2632 oyataum,'
548 2529 719 2630 salbum,
752 2535 988 2630 Aegeritom)
1021 2533 1153 2604 locum
1194 2533 1326 2606 minus

316 2667 563 2739 commodum
599 2665 771 2738 obtinere
805 2684 842 2738 et
868 2691 895 2738 a.
923 2691 959 2762 p.
993 2707 1046 2722 -
1079 2685 1211 2740 auctor
1245 2657 1328 2762 ipse

315 2801 580 2906 celeberrimus
606 2801 674 2873 vix
699 2819 908 2899 negaturus
935 2802 1005 2876 sit:
1031 2827 1106 2875 nos
1131 2820 1261 2875 tamen
1280 2803 1327 2874 ad

313 2935 357 3008 id
381 2915 444 3008 vel
471 2936 659 3010 acuminis
686 2937 974 3030 doctrinaeque,
1007 2939 1070 3009 vel
1105 2937 1175 3011 otii
1203 2939 1327 3011 acin·

314 3057 639 3161 strumentorum,
674 3072 780 3167 quod
814 3073 1015 3170 generibus
1051 3072 1327 3170 ordinibusque
1384 3115 1391 3126 ·

314 3206 476 3306 integris
519 3206 713 3280 tentandis
760 3205 953 3297 sufficiat,
997 3197 1221 3304 neutiquam
1254 3233 1326 3282 nos

313 3344 528 3440 pertingere
553 3343 723 3441 ingenue
748 3341 912 3414 fatemur
921 3374 937 3430 ,¹
961 3361 1072 3439 atque
1098 3345 1139 3415 in
1169 3345 1325 3417 univer·

315 3501 402 3550 sum
429 3479 630 3550 conamina
665 3479 739 3552 ista
772 3503 905 3552 eorum
933 3479 1063 3574 potius
1091 3505 1172 3552 asse
1200 3480 1327 3552 existi·

312 3635 482 3702 mamus,
516 3614 583 3710 qui
608 3613 652 3684 in
686 3615 824 3688 studiis
859 3613 963 3687 hisce
989 3640 1036 3687 ex
1060 3615 1233 3712 professo
1262 3641 1325 3688 co·

311 3750 440 3822 lendis
466 3749 586 3822 vitam
613 3750 778 3848 degunt,
813 3774 929 3845 quam
955 3751 1022 3847 qui
1048 3753 1145 3823 meri
1169 3752 1327 3826 botano·

311 3883 412 3978 phili
437 3902 594 3957 naturae
621 3885 810 3958 scrutinio
828 3885 871 3956 in
890 3885 1010 3958 animi
1026 3886 1221 3960 laboribus
1239 3889 1325 3962 aliis

314 4004 483 4091 distracti
532 4013 747 4118 defessique
796 4022 1100 4094 relaxamantum
1151 4041 1324 4096 utuntur.

311 4153 467 4225 Etenim
492 4155 653 4227 minime
679 4157 780 4227 illud
805 4179 878 4228 nos
904 4155 1024 4256 fugit,
1059 4175 1204 4253 quanto
1231 4157 1325 4233 faci·

311 4285 389 4360 lius
428 4289 538 4374 aedes
573 4289 618 4363 ab
653 4290 741 4364 aliis
781 4291 1013 4365 instauratae
1047 4294 1323 4389 vituperentur,

312 4445 429 4518 quam
472 4449 597 4500 novae
626 4405 1012 4526 praestantioresque
1055 4423 1335 4524 perficianturs'
