3582 5482
476 665 532 737 tq.
887 689 1065 703 —-

474 839 616 900 varietas
635 836 781 898 tunulum
802 831 842 894 etl
861 835 975 916 stipitis
997 833 1087 896 basin
1107 849 1231 920 gestans
1251 835 1343 900 uobis
1363 853 1488 920 quoque

474 951 567 1014 obvie
586 951 653 1012 fuit.
696 947 849 1034 insylvis
868 952 995 1028 passim.
1034 937 1122 1029 Sept.
1146 949 1220 1010 Oct.
1342 943 1346 946 ’

446 1109 452 1118 .
552 1071 623 1144 407·
656 1064 697 1124 A.
726 1061 968 1122 rubescens.

751 1195 784 1245 α,
806 1173 969 1240 communis

478 1287 561 1350 Caro
587 1287 661 1368 pilei
688 1290 838 1369 stipitisve
867 1283 1000 1346 diffracti
1020 1289 1111 1347 citius
1133 1284 1305 1360 tattliusve,
1332 1284 1389 1347 secl
1410 1305 1489 1348 cort-

476 1415 612 1474 stanter,
641 1399 798 1460 rubescit:
833 1413 866 1459 et
896 1399 975 1458 haec
1002 1397 1127 1478 quidem
1153 1413 1228 1458 note
1253 1396 1344 1478 hujus
1372 1403 1489 1478 speciei

360 1538 362 1543 ·
476 1534 550 1576 vere
571 1513 726 1572 discritice
748 1530 817 1572 esse
838 1508 969 1570 videtur.
1012 1509 1087 1570 Pilei
1108 1513 1189 1570 enlm
1209 1511 1344 1572 colorem
1364 1511 1491 1572 variabi-

474 1626 555 1698 lem,
583 1629 616 1684 in
638 1624 704 1685 eliis
729 1622 964 1694 rubescentem,
994 1623 1026 1680 in
1052 1621 1118 1682 eliis
1143 1621 1358 1696 livescentem,
1392 1623 1491 1704 fuligi-

475 1757 588 1810 neum,
619 1733 855 1815 subhepaticum
882 1764 924 1778 -
949 1729 1148 1794 offendimus.
1197 1732 1299 1816 Stipes
1318 1734 1489 1808 biuncielis,

478 1848 696 1914 subbulbosus
738 1845 842 1926 Sapor
861 1850 910 1905 vix
930 1841 1020 1906 ultus.
1072 1846 1219 1908 Occurrit
1237 1849 1271 1906 in
1290 1847 1383 1930 sylvis
1402 1851 1491 1909 vertis

439 1931 601 2020 ''minitue
622 1979 705 2021 tero.
746 1959 916 2018 Autumno.

760 2133 1216 2227 m.tcteteus

559 2315 639 2357 oss.
689 2293 802 2376 ingens
830 2297 862 2354 in
889 2312 1003 2376 genere
1034 2300 1172 2356 omnium
1200 2295 1293 2378 longe
1320 2297 1492 2356 vastissimo

479 2406 780 2490 impeditissimoque
801 2407 1013 2468 characterum
1041 2407 1180 2468 tribubus
1201 2411 1354 2488 primatiis
1374 2411 1493 2470 consti-

481 2519 604 2582 tuendis
624 2519 811 2582 idoneorum
832 2523 961 2600 penurie
982 2535 1051 2582 esse
1072 2519 1203 2581 videtur.
1232 2522 1302 2584 Nos
1320 2533 1407 2580 certe
1427 2537 1493 2580 nott

479 2635 539 2694 nisi
558 2637 684 2693 unicum
704 2637 848 2694 novimus
867 2651 940 2693 vere
968 2643 1163 2694 constantem
1183 2652 1244 2694 uec
1263 2633 1315 2692 ulli
1335 2649 1490 2713 mquam,

480 2759 627 2828 quantum
648 2745 797 2804 hactenus
819 2743 984 2804 observare
1005 2744 1105 2817 licuit,
1131 2749 1291 2806 tnumtioui
1312 2743 1489 2816 obnoxium,

480 2861 512 2916 in
532 2855 632 2915 colere
652 2859 794 2915 nimirum
814 2855 964 2935 pulueris,
988 2855 1139 2915 seminatis
1159 2856 1250 2938 vulgo
1272 2855 1493 2936 habim-posi·

481 2985 566 3041 tutn;
589 2987 743 3050 eumque,
763 2987 834 3028 cum
855 2966 1032 3045 (Coriecels
1052 2973 1223 3050 paucisque
1239 2965 1342 3030 forsan
1355 2968 1421 3029 eliis
1441 2987 1494 3028 cx·

480 3083 601 3162 ceptis)
621 3080 786 3162 pleraeque
806 3084 931 3160 species
946 3081 1082 3141 chertem
1103 3102 1132 3142 v.
1151 3101 1181 3142 c.
1204 3083 1400 3161 scn'ptoritun
1417 3099 1494 3160 sup·

480 3197 615 3274 positam
642 3191 769 3272 pulvere
797 3196 858 3253 isto
886 3196 964 3252 intre
991 3192 1053 3252 diei
1085 3197 1248 3277 coctisque
1276 3196 1408 3272 spatium
1437 3210 1493 3252 co·

481 3307 573 3384 piose
593 3307 707 3364 emisso
729 3301 883 3364 luculente
895 3303 1099 3386 iubentesque
1114 3309 1243 3385 pingere
1259 3305 1391 3377 soleant,
1413 3299 1495 3363 heutl

482 3413 560 3474 adeo
588 3412 745 3474 difficilem
773 3413 942 3494 exploratu.
989 3415 1082 3476 Unde
1109 3415 1286 3498 jamdudum
1308 3419 1339 3474 in
1359 3429 1495 3478 mentem

483 3525 574 3586 nobis
601 3531 701 3598 veuit,
740 3546 819 3588 enne
846 3525 963 3588 familiis
991 3526 1173 3609 quibusdem
1194 3527 1492 3608 Leucospemwrum,

485 3638 822 3720 Erythrospermorum,
846 3638 1118 3720 Melaspermcrum
1133 3653 1196 3700 etc.
1218 3639 1412 3720 principibus
1427 3639 1496 3698 Per·

485 3751 648 3809 eutitianae
668 3751 784 3824 tribus,
806 3753 838 3810 in
859 3749 1072 3812 secundarium
1093 3750 1153 3834 jtmt
1172 3751 1312 3812 ordinem
1332 3743 1494 3832 relegens,

482 3867 597 3942 passim
624 3862 822 3944 (ubicunque
848 3879 978 3924 necesse
1006 3865 1103 3924 visum
1132 3861 1258 3942 fuisset)
1287 3860 1398 3944 subjici
1420 3881 1497 3942 pos·

483 3973 576 4036 sent?
618 3975 683 4035 Hes
716 3979 815 4050 enim,
853 3977 991 4054 quemvis
1023 3973 1255 4056 haudquaquam
1293 3973 1495 4054 spernendus,

483 4107 502 4146 e
522 4091 605 4148 notis
625 4101 727 4148 temen
745 4106 842 4168 saepe
862 4091 963 4148 minus
982 4085 1142 4166 gravibus,
1176 4105 1237 4146 nec
1255 4085 1336 4146 edeo
1357 4091 1497 4168 proxime

483 4219 521 4258 ac
550 4197 598 4257 ille
626 4213 734 4258 nosue
759 4199 799 4260 etl
825 4197 1093 4260 fructificationem
1130 4199 1344 4278 spectantibus
1371 4203 1496 4280 petitas.

484 4310 630 4371 limitibus
651 4310 832 4392 plerunque
853 4315 926 4372 setis
950 4313 1032 4392 vagis
1061 4311 1294 4384 circumscribi,
1322 4329 1416 4372 nuno
1437 4314 1498 4371 uti·

486 4443 547 4501 que
564 4427 599 4482 in
618 4441 734 4504 geues·
753 4438 862 4486 noenu
881 4423 930 4484 vel
956 4423 1104 4486 tntillum
1124 4439 1264 4488 verutus
1283 4423 1417 4506 negabit.
1459 4423 1499 4484 Et
