<?xml version="1.0" encoding="UTF-8"?>
<!DOCTYPE html PUBLIC "-//W3C//DTD XHTML 1.0 Transitional//EN"
    "http://www.w3.org/TR/xhtml1/DTD/xhtml1-transitional.dtd">
<html xmlns="http://www.w3.org/1999/xhtml" xml:lang="en" lang="en">
 <head>
  <title>
</title>
<meta http-equiv="Content-Type" content="text/html;charset=utf-8" />
  <meta name='ocr-system' content='tesseract 3.04.00' />
  <meta name='ocr-capabilities' content='ocr_page ocr_carea ocr_par ocr_line ocrx_word'/>
</head>
<body>
  <div class='ocr_page' id='page_1' title='image "./conspectusfungo00persgoog_0246.png"; bbox 0 0 3574 5486; ppageno 0'>
   <div class='ocr_carea' id='block_1_1' title="bbox 776 669 1367 760">
    <p class='ocr_par' dir='ltr' id='par_1_1' title="bbox 776 669 1367 760">
     <span class='ocr_line' id='line_1_1' title="bbox 776 669 1367 760; baseline -0.008 -28"><span class='ocrx_word' id='word_1_1' title='bbox 776 703 952 720; x_wconf 81' lang='lat'><strong>-----·-</strong></span> <span class='ocrx_word' id='word_1_2' title='bbox 1157 743 1161 760; x_wconf 44' lang='grc' dir='ltr'>Ι</span> <span class='ocrx_word' id='word_1_3' title='bbox 1314 669 1367 747; x_wconf 81' lang='grc' dir='ltr'><strong>ι87</strong></span> 
     </span>
    </p>
   </div>
   <div class='ocr_carea' id='block_1_2' title="bbox 355 845 1370 932">
    <p class='ocr_par' dir='ltr' id='par_1_2' title="bbox 355 845 1370 932">
     <span class='ocr_line' id='line_1_2' title="bbox 355 845 1370 932; baseline -0.006 -20"><span class='ocrx_word' id='word_1_4' title='bbox 355 852 484 914; x_wconf 68' lang='grc' dir='ltr'><strong>ιὶεηιιιπιΔ</strong></span> <span class='ocrx_word' id='word_1_5' title='bbox 509 851 601 932; x_wconf 84' lang='lat' dir='ltr'><strong>plano</strong></span> <span class='ocrx_word' id='word_1_6' title='bbox 619 883 632 898; x_wconf 89' lang='lat'><strong>·</strong></span> <span class='ocrx_word' id='word_1_7' title='bbox 650 849 845 932; x_wconf 80' lang='lat' dir='ltr'><strong>subdepresso</strong></span> <span class='ocrx_word' id='word_1_8' title='bbox 883 847 1056 908; x_wconf 68' lang='lat' dir='ltr'><strong>monetalem</strong></span> <span class='ocrx_word' id='word_1_9' title='bbox 1090 866 1217 922; x_wconf 62' lang='lat' dir='ltr'><strong>tortuoso</strong></span> <span class='ocrx_word' id='word_1_10' title='bbox 1249 845 1370 907; x_wconf 74' lang='lat' dir='ltr'><strong>sordide</strong></span> 
     </span>
    </p>
   </div>
   <div class='ocr_carea' id='block_1_3' title="bbox 273 958 1375 4518">
    <p class='ocr_par' dir='ltr' id='par_1_3' title="bbox 342 958 1368 1277">
     <span class='ocr_line' id='line_1_3' title="bbox 354 958 1368 1047; baseline -0.006 -23"><span class='ocrx_word' id='word_1_11' title='bbox 354 963 506 1047; x_wconf 80' lang='lat' dir='ltr'><strong>pollente,</strong></span> <span class='ocrx_word' id='word_1_12' title='bbox 534 962 661 1036; x_wconf 77' lang='lat' dir='ltr'><strong>lamellis</strong></span> <span class='ocrx_word' id='word_1_13' title='bbox 681 962 831 1022; x_wconf 77' lang='lat' dir='ltr'><strong>distinctis</strong></span> <span class='ocrx_word' id='word_1_14' title='bbox 852 959 1029 1020; x_wconf 69' lang='lat' dir='ltr'><em>tenuissimis</em></span> <span class='ocrx_word' id='word_1_15' title='bbox 1051 961 1188 1020; x_wconf 76' lang='lat' dir='ltr'><strong>lineatim</strong></span> <span class='ocrx_word' id='word_1_16' title='bbox 1208 959 1298 1040; x_wconf 84' lang='lat' dir='ltr'><strong>louge</strong></span> <span class='ocrx_word' id='word_1_17' title='bbox 1319 958 1368 1018; x_wconf 83' lang='lat' dir='ltr'><strong>tle·</strong></span> 
     </span>
     <span class='ocr_line' id='line_1_4' title="bbox 342 1069 1368 1156; baseline -0.006 -20"><span class='ocrx_word' id='word_1_18' title='bbox 342 1075 542 1136; x_wconf 74' lang='lat' dir='ltr'><strong>‘currentibus</strong></span> <span class='ocrx_word' id='word_1_19' title='bbox 563 1074 658 1148; x_wconf 80' lang='lat' dir='ltr'><strong>olbis,</strong></span> <span class='ocrx_word' id='word_1_20' title='bbox 687 1075 790 1156; x_wconf 75' lang='lat' dir='ltr'><strong>stipite</strong></span> <span class='ocrx_word' id='word_1_21' title='bbox 810 1069 1004 1132; x_wconf 78' lang='lat' dir='ltr'><strong>subrndt&#39;cnto</strong></span> <span class='ocrx_word' id='word_1_22' title='bbox 1029 1094 1103 1132; x_wconf 79' lang='lat' dir='ltr'><strong>cauo</strong></span> <span class='ocrx_word' id='word_1_23' title='bbox 1125 1071 1270 1132; x_wconf 78' lang='lat' dir='ltr'><strong>mediocri</strong></span> <span class='ocrx_word' id='word_1_24' title='bbox 1288 1069 1368 1153; x_wconf 81' lang='lat' dir='ltr'><strong>pileo</strong></span> 
     </span>
     <span class='ocr_line' id='line_1_5' title="bbox 357 1189 523 1277; baseline 0.006 -30"><span class='ocrx_word' id='word_1_25' title='bbox 357 1189 523 1277; x_wconf 74' lang='lat' dir='ltr'><strong>concolore.</strong></span> 
     </span>
    </p>

    <p class='ocr_par' dir='ltr' id='par_1_4' title="bbox 273 1297 1374 3843">
     <span class='ocr_line' id='line_1_6' title="bbox 435 1297 1367 1380; baseline -0.002 -20"><span class='ocrx_word' id='word_1_26' title='bbox 435 1303 564 1380; x_wconf 84' lang='lat' dir='ltr'><strong>Species</strong></span> <span class='ocrx_word' id='word_1_27' title='bbox 589 1297 627 1360; x_wconf 89' lang='lat' dir='ltr'><strong>ab</strong></span> <span class='ocrx_word' id='word_1_28' title='bbox 655 1297 819 1370; x_wconf 88' lang='lat' dir='ltr'><strong>omnibus,</strong></span> <span class='ocrx_word' id='word_1_29' title='bbox 857 1311 1011 1380; x_wconf 83' lang='lat' dir='ltr'><strong>quotquot</strong></span> <span class='ocrx_word' id='word_1_30' title='bbox 1037 1297 1189 1360; x_wconf 86' lang='lat' dir='ltr'><strong>hactenus</strong></span> <span class='ocrx_word' id='word_1_31' title='bbox 1214 1301 1367 1370; x_wconf 85' lang='lat' dir='ltr'><strong>novimus,</strong></span> 
     </span>
     <span class='ocr_line' id='line_1_7' title="bbox 357 1387 1368 1492; baseline -0.005 -20"><span class='ocrx_word' id='word_1_32' title='bbox 357 1411 605 1484; x_wconf 80' lang='lat' dir='ltr'><strong>distinctissime,</strong></span> <span class='ocrx_word' id='word_1_33' title='bbox 635 1415 716 1472; x_wconf 83' lang='lat' dir='ltr'><strong>inter</strong></span> <span class='ocrx_word' id='word_1_34' title='bbox 747 1387 964 1492; x_wconf 80' lang='lat' dir='ltr'><strong>Gymnopodns</strong></span> <span class='ocrx_word' id='word_1_35' title='bbox 991 1407 1231 1492; x_wconf 77' lang='lat' dir='ltr'><strong>Omphnlt&#39;nsque</strong></span> <span class='ocrx_word' id='word_1_36' title='bbox 1251 1407 1368 1468; x_wconf 87' lang='lat' dir='ltr'><strong>media:</strong></span> 
     </span>
     <span class='ocr_line' id='line_1_8' title="bbox 356 1519 1372 1602; baseline -0.005 -18"><span class='ocrx_word' id='word_1_37' title='bbox 356 1543 396 1584; x_wconf 85' lang='lat' dir='ltr'><strong>an</strong></span> <span class='ocrx_word' id='word_1_38' title='bbox 415 1523 454 1584; x_wconf 84' lang='lat' dir='ltr'><strong>ad</strong></span> <span class='ocrx_word' id='word_1_39' title='bbox 473 1523 574 1602; x_wconf 80' lang='lat' dir='ltr'><strong>Agar.</strong></span> <span class='ocrx_word' id='word_1_40' title='bbox 606 1521 800 1581; x_wconf 74' lang='lat' dir='ltr'><strong>udinesivum</strong></span> <span class='ocrx_word' id='word_1_41' title='bbox 826 1519 957 1583; x_wconf 83' lang='lat' dir='ltr'><strong>Withor.</strong></span> <span class='ocrx_word' id='word_1_42' title='bbox 988 1519 1157 1580; x_wconf 85' lang='lat' dir='ltr'><strong>trahenda?</strong></span> <span class='ocrx_word' id='word_1_43' title='bbox 1193 1525 1241 1580; x_wconf 83' lang='lat' dir='ltr'><strong>vix</strong></span> <span class='ocrx_word' id='word_1_44' title='bbox 1270 1535 1372 1579; x_wconf 83' lang='lat' dir='ltr'><strong>tamen</strong></span> 
     </span>
     <span class='ocr_line' id='line_1_9' title="bbox 357 1630 1371 1716; baseline -0.002 -24"><span class='ocrx_word' id='word_1_45' title='bbox 357 1637 578 1715; x_wconf 84' lang='lat' dir='ltr'><strong>putaverimus.</strong></span> <span class='ocrx_word' id='word_1_46' title='bbox 628 1636 730 1694; x_wconf 88' lang='lat' dir='ltr'><strong>Totus</strong></span> <span class='ocrx_word' id='word_1_47' title='bbox 756 1630 866 1713; x_wconf 82' lang='lat' dir='ltr'><strong>fungus</strong></span> <span class='ocrx_word' id='word_1_48' title='bbox 893 1653 993 1713; x_wconf 85' lang='lat' dir='ltr'><strong>paene</strong></span> <span class='ocrx_word' id='word_1_49' title='bbox 1014 1637 1116 1694; x_wconf 86' lang='lat' dir='ltr'><strong>siccus</strong></span> <span class='ocrx_word' id='word_1_50' title='bbox 1137 1648 1170 1716; x_wconf 82' lang='lat' dir='ltr'><strong>et</strong></span> <span class='ocrx_word' id='word_1_51' title='bbox 1189 1633 1304 1714; x_wconf 81' lang='lat' dir='ltr'><strong>glutine</strong></span> <span class='ocrx_word' id='word_1_52' title='bbox 1325 1646 1371 1690; x_wconf 82' lang='lat' dir='ltr'><strong>tn·</strong></span> 
     </span>
     <span class='ocr_line' id='line_1_10' title="bbox 358 1743 1373 1828; baseline 0 -24"><span class='ocrx_word' id='word_1_53' title='bbox 358 1765 429 1804; x_wconf 83' lang='lat' dir='ltr'><strong>men</strong></span> <span class='ocrx_word' id='word_1_54' title='bbox 451 1745 585 1828; x_wconf 83' lang='lat' dir='ltr'><strong>quodam</strong></span> <span class='ocrx_word' id='word_1_55' title='bbox 612 1764 710 1826; x_wconf 85' lang='lat' dir='ltr'><strong>parco</strong></span> <span class='ocrx_word' id='word_1_56' title='bbox 731 1759 840 1806; x_wconf 85' lang='lat' dir='ltr'><strong>tenace</strong></span> <span class='ocrx_word' id='word_1_57' title='bbox 868 1748 1055 1823; x_wconf 77' lang='lat' dir='ltr'><strong>persistente</strong></span> <span class='ocrx_word' id='word_1_58' title='bbox 1083 1743 1258 1816; x_wconf 81' lang='lat' dir='ltr'><strong>obductus,</strong></span> <span class='ocrx_word' id='word_1_59' title='bbox 1292 1761 1373 1804; x_wconf 88' lang='lat' dir='ltr'><strong>non·</strong></span> 
     </span>
     <span class='ocr_line' id='line_1_11' title="bbox 356 1854 1370 1939; baseline -0.004 -21"><span class='ocrx_word' id='word_1_60' title='bbox 356 1877 521 1939; x_wconf 81' lang='lat' dir='ltr'><strong>numquam</strong></span> <span class='ocrx_word' id='word_1_61' title='bbox 551 1857 643 1918; x_wconf 87' lang='lat' dir='ltr'><strong>veluti</strong></span> <span class='ocrx_word' id='word_1_62' title='bbox 669 1857 912 1936; x_wconf 82' lang='lat' dir='ltr'><strong>pulverulentus.</strong></span> <span class='ocrx_word' id='word_1_63' title='bbox 972 1855 1054 1916; x_wconf 85' lang='lat' dir='ltr'><strong>Caro</strong></span> <span class='ocrx_word' id='word_1_64' title='bbox 1077 1856 1269 1918; x_wconf 82' lang='lat' dir='ltr'><strong>molliusoula</strong></span> <span class='ocrx_word' id='word_1_65' title='bbox 1295 1854 1370 1914; x_wconf 88' lang='lat' dir='ltr'><strong>levis</strong></span> 
     </span>
     <span class='ocr_line' id='line_1_12' title="bbox 274 1967 1371 2050; baseline -0.004 -21"><span class='ocrx_word' id='word_1_66' title='bbox 274 2013 277 2020; x_wconf 80' lang='lat'>·</span> <span class='ocrx_word' id='word_1_67' title='bbox 359 1967 614 2044; x_wconf 85' lang='lat' dir='ltr'><strong>(subsuberosam</strong></span> <span class='ocrx_word' id='word_1_68' title='bbox 636 1969 765 2046; x_wconf 80' lang='lat' dir='ltr'>dixeris)</span> <span class='ocrx_word' id='word_1_69' title='bbox 795 1972 881 2048; x_wconf 86' lang='lat' dir='ltr'><strong>quasi</strong></span> <span class='ocrx_word' id='word_1_70' title='bbox 901 1968 1042 2028; x_wconf 79' lang='lat' dir='ltr'><strong>elestica:</strong></span> <span class='ocrx_word' id='word_1_71' title='bbox 1068 1983 1187 2050; x_wconf 85' lang='lat' dir='ltr'><strong>gustata</strong></span> <span class='ocrx_word' id='word_1_72' title='bbox 1208 1967 1371 2047; x_wconf 86' lang='lat' dir='ltr'><strong>insipidam</strong></span> 
     </span>
     <span class='ocr_line' id='line_1_13' title="bbox 359 2079 1371 2161; baseline -0.005 -20"><span class='ocrx_word' id='word_1_73' title='bbox 359 2080 595 2152; x_wconf 83' lang='lat' dir='ltr'><strong>sesesimulat,</strong></span> <span class='ocrx_word' id='word_1_74' title='bbox 632 2081 688 2142; x_wconf 86' lang='lat' dir='ltr'><strong>sed</strong></span> <span class='ocrx_word' id='word_1_75' title='bbox 724 2079 827 2161; x_wconf 86' lang='lat' dir='ltr'><strong>paullo</strong></span> <span class='ocrx_word' id='word_1_76' title='bbox 862 2086 951 2158; x_wconf 75' lang='lat' dir='ltr'><strong>post‘</strong></span> <span class='ocrx_word' id='word_1_77' title='bbox 971 2081 1172 2141; x_wconf 85' lang='lat' dir='ltr'><strong>vehementer</strong></span> <span class='ocrx_word' id='word_1_78' title='bbox 1201 2079 1371 2159; x_wconf 79' lang='lat' dir='ltr'><strong>adstringit.</strong></span> 
     </span>
     <span class='ocr_line' id='line_1_14' title="bbox 363 2189 1373 2275; baseline -0.002 -25"><span class='ocrx_word' id='word_1_79' title='bbox 363 2189 449 2250; x_wconf 81' lang='lat' dir='ltr'><strong>Odor</strong></span> <span class='ocrx_word' id='word_1_80' title='bbox 475 2191 638 2254; x_wconf 86' lang='lat' dir='ltr'><strong>distinctus</strong></span> <span class='ocrx_word' id='word_1_81' title='bbox 664 2193 773 2252; x_wconf 88' lang='lat' dir='ltr'><strong>nullus.</strong></span> <span class='ocrx_word' id='word_1_82' title='bbox 821 2191 922 2251; x_wconf 84' lang='lat' dir='ltr'><strong>Pileus</strong></span> <span class='ocrx_word' id='word_1_83' title='bbox 947 2197 1069 2275; x_wconf 58' lang='lat'><strong>3-1}</strong></span> <span class='ocrx_word' id='word_1_84' title='bbox 1088 2211 1160 2254; x_wconf 89' lang='lat' dir='ltr'><strong>uno.</strong></span> <span class='ocrx_word' id='word_1_85' title='bbox 1183 2191 1279 2263; x_wconf 86' lang='lat' dir='ltr'><strong>latus,</strong></span> <span class='ocrx_word' id='word_1_86' title='bbox 1308 2191 1373 2270; x_wconf 90' lang='lat' dir='ltr'><strong>pri-</strong></span> 
     </span>
     <span class='ocr_line' id='line_1_15' title="bbox 359 2301 1370 2384; baseline 0 -22"><span class='ocrx_word' id='word_1_87' title='bbox 359 2319 411 2362; x_wconf 87' lang='lat' dir='ltr'><strong>mo</strong></span> <span class='ocrx_word' id='word_1_88' title='bbox 433 2301 676 2366; x_wconf 82' lang='lat' dir='ltr'><strong>subumbonstus</strong></span> <span class='ocrx_word' id='word_1_89' title='bbox 695 2323 867 2376; x_wconf 75' lang='lat' dir='ltr'><strong>convenis,</strong></span> <span class='ocrx_word' id='word_1_90' title='bbox 891 2325 908 2364; x_wconf 90' lang='lat' dir='ltr'><strong>e</strong></span> <span class='ocrx_word' id='word_1_91' title='bbox 928 2305 1022 2384; x_wconf 80' lang='lat' dir='ltr'><strong>plano</strong></span> <span class='ocrx_word' id='word_1_92' title='bbox 1042 2305 1114 2366; x_wconf 89' lang='lat' dir='ltr'><strong>dein</strong></span> <span class='ocrx_word' id='word_1_93' title='bbox 1132 2302 1370 2382; x_wconf 88' lang='lat' dir='ltr'><strong>subdepressus‚</strong></span> 
     </span>
     <span class='ocr_line' id='line_1_16' title="bbox 359 2413 1372 2496; baseline -0.001 -24"><span class='ocrx_word' id='word_1_94' title='bbox 359 2415 514 2477; x_wconf 83' lang='lat' dir='ltr'><strong>interdum</strong></span> <span class='ocrx_word' id='word_1_95' title='bbox 540 2436 641 2496; x_wconf 86' lang='lat' dir='ltr'><strong>paene</strong></span> <span class='ocrx_word' id='word_1_96' title='bbox 669 2415 960 2478; x_wconf 82' lang='lat' dir='ltr'><strong>infundibulilormis</strong></span> <span class='ocrx_word' id='word_1_97' title='bbox 992 2416 1116 2476; x_wconf 88' lang='lat' dir='ltr'><strong>demum</strong></span> <span class='ocrx_word' id='word_1_98' title='bbox 1138 2413 1258 2488; x_wconf 74' lang='lat' dir='ltr'><strong>evadit3</strong></span> <span class='ocrx_word' id='word_1_99' title='bbox 1286 2426 1372 2474; x_wconf 87' lang='lat' dir='ltr'><strong>cete-</strong></span> 
     </span>
     <span class='ocr_line' id='line_1_17' title="bbox 359 2523 1373 2608; baseline -0.004 -22"><span class='ocrx_word' id='word_1_100' title='bbox 359 2546 427 2586; x_wconf 85' lang='lat' dir='ltr'><strong>rum</strong></span> <span class='ocrx_word' id='word_1_101' title='bbox 446 2547 562 2608; x_wconf 82' lang='lat' dir='ltr'><strong>rugoso</strong></span> <span class='ocrx_word' id='word_1_102' title='bbox 575 2562 591 2574; x_wconf 95' lang='lat'><em>-</em></span> <span class='ocrx_word' id='word_1_103' title='bbox 604 2528 817 2602; x_wconf 86' lang='lat' dir='ltr'><strong>laounulosus‚</strong></span> <span class='ocrx_word' id='word_1_104' title='bbox 839 2549 876 2590; x_wconf 83' lang='lat' dir='ltr'><strong>ex</strong></span> <span class='ocrx_word' id='word_1_105' title='bbox 895 2529 967 2590; x_wconf 90' lang='lat' dir='ltr'><strong>albo</strong></span> <span class='ocrx_word' id='word_1_106' title='bbox 988 2527 1116 2596; x_wconf 74' lang='lat' dir='ltr'><strong>sorditie</strong></span> <span class='ocrx_word' id='word_1_107' title='bbox 1131 2527 1303 2608; x_wconf 74' lang='lat' dir='ltr'><strong>pallescens</strong></span> <span class='ocrx_word' id='word_1_108' title='bbox 1324 2523 1373 2583; x_wconf 88' lang='lat' dir='ltr'><strong>vel</strong></span> 
     </span>
     <span class='ocr_line' id='line_1_18' title="bbox 359 2619 1371 2724; baseline 0 -28"><span class='ocrx_word' id='word_1_109' title='bbox 359 2637 541 2706; x_wconf 86' lang='lat' dir='ltr'><strong>dilutissime</strong></span> <span class='ocrx_word' id='word_1_110' title='bbox 570 2640 741 2702; x_wconf 82' lang='lat' dir='ltr'><strong>rulosoens.</strong></span> <span class='ocrx_word' id='word_1_111' title='bbox 798 2639 957 2702; x_wconf 81' lang='lat' dir='ltr'><strong>Lam&#39;ellne</strong></span> <span class='ocrx_word' id='word_1_112' title='bbox 981 2619 1074 2702; x_wconf 66' lang='lat' dir='ltr'><strong>seo&#39;us</strong></span> <span class='ocrx_word' id='word_1_113' title='bbox 1089 2643 1267 2724; x_wconf 76' lang='lat' dir='ltr'><strong>¹marginem</strong></span> <span class='ocrx_word' id='word_1_114' title='bbox 1296 2655 1371 2716; x_wconf 82' lang='lat' dir='ltr'><strong>prae</strong></span> 
     </span>
     <span class='ocr_line' id='line_1_19' title="bbox 359 2748 1373 2834; baseline -0.001 -26"><span class='ocrx_word' id='word_1_115' title='bbox 359 2755 508 2812; x_wconf 74' lang='lat' dir='ltr'><strong>tenuitate</strong></span> <span class='ocrx_word' id='word_1_116' title='bbox 529 2752 705 2832; x_wconf 88' lang='lat' dir='ltr'><strong>pelluoente</strong></span> <span class='ocrx_word' id='word_1_117' title='bbox 718 2751 871 2816; x_wconf 75' lang='lat' dir='ltr'><strong>subtiliter</strong></span> <span class='ocrx_word' id='word_1_118' title='bbox 885 2751 1058 2834; x_wconf 75' lang='lat' dir='ltr'><strong>papyracel</strong></span> <span class='ocrx_word' id='word_1_119' title='bbox 1072 2748 1138 2812; x_wconf 84' lang='lat' dir='ltr'><strong>fere</strong></span> <span class='ocrx_word' id='word_1_120' title='bbox 1152 2769 1277 2831; x_wconf 80' lang='lat' dir='ltr'><strong>setnper</strong></span> <span class='ocrx_word' id='word_1_121' title='bbox 1290 2751 1373 2809; x_wconf 80' lang='lat' dir='ltr'><strong>vaslo</strong></span> 
     </span>
     <span class='ocr_line' id='line_1_20' title="bbox 359 2860 1372 2947; baseline -0.004 -25"><span class='ocrx_word' id='word_1_122' title='bbox 359 2862 472 2939; x_wconf 78' lang='lat' dir='ltr'><strong>fissae,</strong></span> <span class='ocrx_word' id='word_1_123' title='bbox 496 2863 577 2946; x_wconf 77' lang='lat' dir='ltr'><strong>juxto</strong></span> <span class='ocrx_word' id='word_1_124' title='bbox 597 2870 734 2947; x_wconf 75' lang='lat' dir='ltr'><strong>stipitem</strong></span> <span class='ocrx_word' id='word_1_125' title='bbox 755 2865 795 2926; x_wconf 85' lang='lat' dir='ltr'><strong>ad</strong></span> <span class='ocrx_word' id='word_1_126' title='bbox 814 2865 955 2946; x_wconf 81' lang='lat' dir='ltr'><strong>angulum</strong></span> <span class='ocrx_word' id='word_1_127' title='bbox 974 2879 1094 2924; x_wconf 84' lang='lat' dir='ltr'><strong>rectum</strong></span> <span class='ocrx_word' id='word_1_128' title='bbox 1114 2862 1260 2922; x_wconf 75' lang='lat' dir='ltr'><strong>infractae</strong></span> <span class='ocrx_word' id='word_1_129' title='bbox 1281 2860 1372 2940; x_wconf 85' lang='lat' dir='ltr'><strong>longe</strong></span> 
     </span>
     <span class='ocr_line' id='line_1_21' title="bbox 361 2973 1371 3058; baseline -0.005 -23"><span class='ocrx_word' id='word_1_130' title='bbox 361 2976 512 3050; x_wconf 74' lang='lat' dir='ltr'><strong>lineatim,</strong></span> <span class='ocrx_word' id='word_1_131' title='bbox 550 2992 584 3038; x_wconf 88' lang='lat' dir='ltr'><strong>ut</strong></span> <span class='ocrx_word' id='word_1_132' title='bbox 612 2983 709 3058; x_wconf 89' lang='lat' dir='ltr'><strong>stipes</strong></span> <span class='ocrx_word' id='word_1_133' title='bbox 738 2977 810 3037; x_wconf 84' lang='lat' dir='ltr'><strong>inde</strong></span> <span class='ocrx_word' id='word_1_134' title='bbox 836 2982 960 3039; x_wconf 86' lang='lat' dir='ltr'><strong>striatus</strong></span> <span class='ocrx_word' id='word_1_135' title='bbox 993 2989 1159 3056; x_wconf 80' lang='lat' dir='ltr'><strong>appareat,</strong></span> <span class='ocrx_word' id='word_1_136' title='bbox 1194 2973 1371 3036; x_wconf 71' lang='lat' dir='ltr'><strong>decurrunt.</strong></span> 
     </span>
     <span class='ocr_line' id='line_1_22' title="bbox 273 3085 1372 3170; baseline -0.005 -21"><span class='ocrx_word' id='word_1_137' title='bbox 273 3137 278 3142; x_wconf 92' lang='lat'><strong>.</strong></span> <span class='ocrx_word' id='word_1_138' title='bbox 361 3085 463 3169; x_wconf 81' lang='lat' dir='ltr'><strong>Stipes</strong></span> <span class='ocrx_word' id='word_1_139' title='bbox 489 3089 593 3150; x_wconf 78' lang='lat' dir='ltr'><strong>radice</strong></span> <span class='ocrx_word' id='word_1_140' title='bbox 620 3089 706 3152; x_wconf 85' lang='lat' dir='ltr'><strong>brevi</strong></span> <span class='ocrx_word' id='word_1_141' title='bbox 735 3089 818 3170; x_wconf 84' lang='lat' dir='ltr'><strong>ligno</strong></span> <span class='ocrx_word' id='word_1_142' title='bbox 845 3087 973 3160; x_wconf 80' lang='lat' dir='ltr'><strong>infixus,</strong></span> <span class='ocrx_word' id='word_1_143' title='bbox 1007 3088 1075 3150; x_wconf 89' lang='lat' dir='ltr'><strong>basi</strong></span> <span class='ocrx_word' id='word_1_144' title='bbox 1094 3107 1188 3168; x_wconf 80' lang='lat' dir='ltr'><strong>saepe</strong></span> <span class='ocrx_word' id='word_1_145' title='bbox 1209 3085 1372 3146; x_wconf 85' lang='lat' dir='ltr'><strong>subincur-</strong></span> 
     </span>
     <span class='ocr_line' id='line_1_23' title="bbox 359 3201 1370 3286; baseline -0.004 -24"><span class='ocrx_word' id='word_1_146' title='bbox 359 3219 434 3274; x_wconf 88' lang='lat' dir='ltr'><strong>vus,</strong></span> <span class='ocrx_word' id='word_1_147' title='bbox 462 3221 695 3283; x_wconf 86' lang='lat' dir='ltr'><strong>nonnumquam</strong></span> <span class='ocrx_word' id='word_1_148' title='bbox 714 3217 800 3264; x_wconf 90' lang='lat' dir='ltr'><strong>totus</strong></span> <span class='ocrx_word' id='word_1_149' title='bbox 821 3201 964 3283; x_wconf 83' lang='lat' dir='ltr'><strong>obliquus</strong></span> <span class='ocrx_word' id='word_1_150' title='bbox 984 3201 1252 3286; x_wconf 78' lang='lat' dir='ltr'><strong>subexoentrious,</strong></span> <span class='ocrx_word' id='word_1_151' title='bbox 1277 3212 1370 3270; x_wconf 75' lang='lat' dir='ltr'><strong>tetes,</strong></span> 
     </span>
     <span class='ocr_line' id='line_1_24' title="bbox 361 3310 1372 3392; baseline -0.008 -18"><span class='ocrx_word' id='word_1_152' title='bbox 361 3331 453 3374; x_wconf 86' lang='lat' dir='ltr'><strong>cavus</strong></span> <span class='ocrx_word' id='word_1_153' title='bbox 474 3313 532 3374; x_wconf 89' lang='lat' dir='ltr'><strong>sed</strong></span> <span class='ocrx_word' id='word_1_154' title='bbox 552 3327 654 3373; x_wconf 81' lang='lat' dir='ltr'><strong>tamen</strong></span> <span class='ocrx_word' id='word_1_155' title='bbox 674 3313 793 3376; x_wconf 76' lang='lat' dir='ltr'><strong>firmus.</strong></span> <span class='ocrx_word' id='word_1_156' title='bbox 827 3313 942 3374; x_wconf 86' lang='lat' dir='ltr'><strong>Incolit</strong></span> <span class='ocrx_word' id='word_1_157' title='bbox 962 3329 1090 3375; x_wconf 86' lang='lat' dir='ltr'><strong>truncos</strong></span> <span class='ocrx_word' id='word_1_158' title='bbox 1106 3311 1247 3392; x_wconf 83' lang='lat' dir='ltr'><strong>putridos</strong></span> <span class='ocrx_word' id='word_1_159' title='bbox 1261 3310 1372 3388; x_wconf 85' lang='lat' dir='ltr'><strong>(saepe</strong></span> 
     </span>
     <span class='ocr_line' id='line_1_25' title="bbox 360 3419 1373 3508; baseline -0.009 -22"><span class='ocrx_word' id='word_1_160' title='bbox 360 3421 622 3506; x_wconf 81' lang='lat' dir='ltr'><strong>subconsutntos)</strong></span> <span class='ocrx_word' id='word_1_161' title='bbox 643 3431 824 3508; x_wconf 84' lang='lat' dir='ltr'><strong>praesertim</strong></span> <span class='ocrx_word' id='word_1_162' title='bbox 845 3426 998 3488; x_wconf 84' lang='lat' dir='ltr'><strong>abiotinos</strong></span> <span class='ocrx_word' id='word_1_163' title='bbox 1019 3425 1093 3484; x_wconf 87' lang='lat' dir='ltr'><strong>hino</strong></span> <span class='ocrx_word' id='word_1_164' title='bbox 1112 3419 1373 3502; x_wconf 62' lang='lat' dir='ltr'><strong>inde(Moholzer</strong></span> 
     </span>
     <span class='ocr_line' id='line_1_26' title="bbox 362 3534 1373 3618; baseline -0.004 -24"><span class='ocrx_word' id='word_1_165' title='bbox 362 3535 482 3605; x_wconf 69' lang='lat' dir='ltr'><strong>Heldet</strong></span> <span class='ocrx_word' id='word_1_166' title='bbox 504 3537 675 3598; x_wconf 80' lang='lat' dir='ltr'><strong>Soltlnnder</strong></span> <span class='ocrx_word' id='word_1_167' title='bbox 696 3539 798 3618; x_wconf 66' lang='lat' dir='ltr'><strong>Berge</strong></span> <span class='ocrx_word' id='word_1_168' title='bbox 820 3536 1026 3615; x_wconf 81' lang='lat' dir='ltr'><strong>Eulenwold).</strong></span> <span class='ocrx_word' id='word_1_169' title='bbox 1053 3534 1228 3616; x_wconf 79' lang='lat' dir='ltr'><strong>Septembri</strong></span> <span class='ocrx_word' id='word_1_170' title='bbox 1240 3549 1272 3595; x_wconf 82' lang='lat' dir='ltr'><strong>et</strong></span> <span class='ocrx_word' id='word_1_171' title='bbox 1287 3553 1373 3614; x_wconf 82' lang='lat' dir='ltr'><strong>seqq.</strong></span> 
     </span>
     <span class='ocr_line' id='line_1_27' title="bbox 361 3646 1374 3731; baseline -0.005 -24"><span class='ocrx_word' id='word_1_172' title='bbox 361 3646 503 3730; x_wconf 76' lang='lat' dir='ltr'><strong>hyemem</strong></span> <span class='ocrx_word' id='word_1_173' title='bbox 523 3655 675 3712; x_wconf 84' lang='lat' dir='ltr'><strong>mitiorem</strong></span> <span class='ocrx_word' id='word_1_174' title='bbox 696 3650 878 3731; x_wconf 78' lang='lat' dir='ltr'><strong>perdtuans,</strong></span> <span class='ocrx_word' id='word_1_175' title='bbox 900 3665 977 3730; x_wconf 87' lang='lat' dir='ltr'><strong>post</strong></span> <span class='ocrx_word' id='word_1_176' title='bbox 991 3669 1081 3730; x_wconf 80' lang='lat' dir='ltr'><strong>quatu</strong></span> <span class='ocrx_word' id='word_1_177' title='bbox 1095 3661 1255 3728; x_wconf 87' lang='lat' dir='ltr'><strong>superstes</strong></span> <span class='ocrx_word' id='word_1_178' title='bbox 1269 3647 1374 3705; x_wconf 78' lang='lat' dir='ltr'><strong>etiam-</strong></span> 
     </span>
     <span class='ocr_line' id='line_1_28' title="bbox 360 3763 820 3843; baseline 0.007 -23"><span class='ocrx_word' id='word_1_179' title='bbox 360 3780 434 3820; x_wconf 87' lang='lat' dir='ltr'><strong>num</strong></span> <span class='ocrx_word' id='word_1_180' title='bbox 454 3764 606 3823; x_wconf 87' lang='lat' dir='ltr'><strong>invenitur</strong></span> <span class='ocrx_word' id='word_1_181' title='bbox 626 3764 719 3824; x_wconf 82' lang='lat' dir='ltr'><strong>Mart.</strong></span> <span class='ocrx_word' id='word_1_182' title='bbox 742 3763 820 3843; x_wconf 81' lang='lat' dir='ltr'><strong>Apr.</strong></span> 
     </span>
    </p>

    <p class='ocr_par' dir='ltr' id='par_1_5' title="bbox 347 3851 939 3957">
     <span class='ocr_line' id='line_1_29' title="bbox 347 3851 939 3957; baseline 0.007 -25"><span class='ocrx_word' id='word_1_183' title='bbox 347 3901 352 3918; x_wconf 90' lang='lat'><strong>·</strong></span> <span class='ocrx_word' id='word_1_184' title='bbox 439 3871 507 3934; x_wconf 80' lang='lat'><strong>536.</strong></span> <span class='ocrx_word' id='word_1_185' title='bbox 539 3876 578 3935; x_wconf 85' lang='grc' dir='ltr'><strong>Α.</strong></span> <span class='ocrx_word' id='word_1_186' title='bbox 610 3874 649 3937; x_wconf 90' lang='lat' dir='ltr'><strong>G.</strong></span> <span class='ocrx_word' id='word_1_187' title='bbox 678 3851 939 3957; x_wconf 77' lang='lat' dir='ltr'><strong>parasiticos.</strong></span> 
     </span>
    </p>

    <p class='ocr_par' dir='ltr' id='par_1_6' title="bbox 361 3987 1375 4518">
     <span class='ocr_line' id='line_1_30' title="bbox 638 3987 855 4070; baseline -0.018 -22"><span class='ocrx_word' id='word_1_188' title='bbox 638 3987 855 4070; x_wconf 64' lang='lat' dir='ltr'><strong>inpellentes</strong></span> 
     </span>
     <span class='ocr_line' id='line_1_31' title="bbox 361 4091 1375 4180; baseline -0.004 -25"><span class='ocrx_word' id='word_1_189' title='bbox 361 4097 472 4158; x_wconf 78' lang='lat' dir='ltr'><strong>Aetate</strong></span> <span class='ocrx_word' id='word_1_190' title='bbox 492 4097 613 4178; x_wconf 80' lang='lat' dir='ltr'><strong>juniore</strong></span> <span class='ocrx_word' id='word_1_191' title='bbox 633 4101 742 4180; x_wconf 81' lang='lat' dir='ltr'><strong>pruini</strong></span> <span class='ocrx_word' id='word_1_192' title='bbox 764 4099 897 4180; x_wconf 78' lang='lat' dir='ltr'><strong>quidam</strong></span> <span class='ocrx_word' id='word_1_193' title='bbox 919 4101 1023 4158; x_wconf 80' lang='lat' dir='ltr'><strong>caesio</strong></span> <span class='ocrx_word' id='word_1_194' title='bbox 1035 4131 1052 4144; x_wconf 90' lang='lat'><strong>·</strong></span> <span class='ocrx_word' id='word_1_195' title='bbox 1067 4093 1209 4164; x_wconf 75' lang='lat' dir='ltr'><strong>cinerei,</strong></span> <span class='ocrx_word' id='word_1_196' title='bbox 1237 4097 1270 4152; x_wconf 92' lang='lat' dir='ltr'><strong>in</strong></span> <span class='ocrx_word' id='word_1_197' title='bbox 1288 4091 1375 4152; x_wconf 85' lang='lat' dir='ltr'><strong>adul·</strong></span> 
     </span>
     <span class='ocr_line' id='line_1_32' title="bbox 363 4206 1375 4288; baseline -0.006 -18"><span class='ocrx_word' id='word_1_198' title='bbox 363 4211 401 4270; x_wconf 88' lang='lat' dir='ltr'><strong>tis</strong></span> <span class='ocrx_word' id='word_1_199' title='bbox 422 4211 567 4284; x_wconf 79' lang='lat' dir='ltr'><strong>evanidi,</strong></span> <span class='ocrx_word' id='word_1_200' title='bbox 589 4225 674 4272; x_wconf 91' lang='lat' dir='ltr'><strong>totus</strong></span> <span class='ocrx_word' id='word_1_201' title='bbox 695 4211 862 4272; x_wconf 83' lang='lat' dir='ltr'><strong>obductus.</strong></span> <span class='ocrx_word' id='word_1_202' title='bbox 905 4208 1005 4270; x_wconf 80' lang='lat' dir='ltr'><strong>Pileus</strong></span> <span class='ocrx_word' id='word_1_203' title='bbox 1028 4206 1268 4288; x_wconf 80' lang='lat' dir='ltr'><strong>semiglobosus,</strong></span> <span class='ocrx_word' id='word_1_204' title='bbox 1295 4223 1375 4264; x_wconf 77' lang='lat' dir='ltr'><strong>snar-</strong></span> 
     </span>
     <span class='ocr_line' id='line_1_33' title="bbox 362 4315 1374 4402; baseline -0.005 -21"><span class='ocrx_word' id='word_1_205' title='bbox 362 4325 432 4402; x_wconf 82' lang='lat' dir='ltr'><strong>gine</strong></span> <span class='ocrx_word' id='word_1_206' title='bbox 453 4321 652 4384; x_wconf 81' lang='lat' dir='ltr'><strong>subinllexus.</strong></span> <span class='ocrx_word' id='word_1_207' title='bbox 695 4323 855 4384; x_wconf 78' lang='lat' dir='ltr'><strong>Lantellne</strong></span> <span class='ocrx_word' id='word_1_208' title='bbox 880 4343 983 4394; x_wconf 83' lang='lat' dir='ltr'><strong>rarae,</strong></span> <span class='ocrx_word' id='word_1_209' title='bbox 1013 4325 1243 4394; x_wconf 68' lang='lat' dir='ltr'><strong>summissae,</strong></span> <span class='ocrx_word' id='word_1_210' title='bbox 1273 4315 1374 4376; x_wconf 81' lang='lat' dir='ltr'><strong>lusce·</strong></span> 
     </span>
     <span class='ocr_line' id='line_1_34' title="bbox 363 4430 1373 4518; baseline -0.008 -24"><span class='ocrx_word' id='word_1_211' title='bbox 363 4449 497 4498; x_wconf 79' lang='lat' dir='ltr'><strong>scentes.</strong></span> <span class='ocrx_word' id='word_1_212' title='bbox 542 4435 643 4518; x_wconf 78' lang='lat' dir='ltr'><strong>Stipes</strong></span> <span class='ocrx_word' id='word_1_213' title='bbox 664 4436 798 4512; x_wconf 86' lang='lat' dir='ltr'><strong>solidus,</strong></span> <span class='ocrx_word' id='word_1_214' title='bbox 828 4449 934 4497; x_wconf 82' lang='lat' dir='ltr'><strong>tectus</strong></span> <span class='ocrx_word' id='word_1_215' title='bbox 955 4439 986 4496; x_wconf 90' lang='lat' dir='ltr'><strong>iu</strong></span> <span class='ocrx_word' id='word_1_216' title='bbox 1006 4435 1140 4504; x_wconf 83' lang='lat' dir='ltr'><strong>nostris,</strong></span> <span class='ocrx_word' id='word_1_217' title='bbox 1167 4430 1292 4492; x_wconf 88' lang='lat' dir='ltr'><strong>villosus</strong></span> <span class='ocrx_word' id='word_1_218' title='bbox 1312 4449 1373 4508; x_wconf 90' lang='lat' dir='ltr'><strong>po-</strong></span> 
     </span>
    </p>
   </div>
   <div class='ocr_carea' id='block_1_4' title="bbox 0 0 1797 5476">
    <p class='ocr_par' dir='ltr' id='par_1_7' title="bbox 0 0 1797 5476">
     <span class='ocr_line' id='line_1_35' title="bbox 0 0 1797 5476; baseline 0 0"><span class='ocrx_word' id='word_1_219' title='bbox 0 0 1797 5476; x_wconf 95' lang='lat' dir='ltr'><strong> </strong></span> 
     </span>
    </p>
   </div>
  </div>
 </body>
</html>
