3582 5482
448 672 621 736 162.
860 704 1037 732 ..ι-...-

511 809 593 932 ’465.
627 854 666 914 t.
696 853 733 918 c,
764 851 905 916 uttan.

446 965 547 1028 Piieus
566 985 640 1048 spos
659 985 788 1047 prorsus
808 965 966 1040 helvolus,
993 987 1067 1029 mox
1085 987 1193 1032 versus
1213 975 1460 1035 einnsmomeutu

444 1099 594 1162 vergens,
626 1074 695 1162 sstg
716 1099 788 1138 une.
811 1077 909 1140 letus:
937 1093 970 1139 et
989 1082 1021 1139 in
1039 1086 1215 1142 universtun
1242 1083 1380 1165 esempis
1399 1105 1460 1147 rto·
1540 1123 1554 1136 ·

443 1207 507 1254 stre
533 1190 746 1270 descriptione
774 1189 983 1249 Persoom'anri
1009 1191 1192 1273 pienunque
1218 1194 1374 1276 eliqusnto
1402 1202 1462 1258 mi·

443 1323 522 1365 noro
539 1323 578 1364 se
599 1307 749 1362 tenuiora.
793 1300 916 1363 Crescit
935 1300 1015 1364 loeis
1038 1304 1250 1368 consimilibus
1269 1325 1307 1366 se
1327 1327 1459 1388 praece-

445 1416 542 1489 dens,
565 1420 616 1476 eui
636 1412 794 1476 substffiuis
815 1427 864 1475 est
884 1433 921 1475 ae
941 1433 1075 1490 eorem
1103 1415 1160 1476 sed
1180 1417 1357 1479 ruriuscule.

522 1526 593 1606 464.
627 1527 664 1585 A.
692 1525 730 1585 C.
761 1524 989 1608 pyriodore.

446 1637 545 1701 Color
563 1638 637 1721 pilei
658 1642 853 1700 cinerescens
872 1653 925 1699 eut
945 1635 1174 1719 subiuligineus.
1221 1637 1353 1700 Odorem
1373 1639 1459 1724 iungi

444 1755 545 1844 nostri
565 1755 594 1811 ei
613 1755 738 1833 potius,
769 1769 862 1832 quem
883 1749 990 1812 Violaete
1012 1749 1161 1809 odoratae
1179 1747 1276 1812 flores
1295 1767 1456 1834 spargunt,

445 1883 538 1947 quam
569 1849 681 1948 pyrino
713 1865 1021 1944 sequipersverimus.
1082 1862 1195 1924 Rarior
1221 1867 1253 1921 in
1277 1865 1459 1945 regionibus

444 1980 561 2038 uostris
581 1995 774 2058 praecoxque
794 1977 919 2054 speeies
939 1973 1098 2054 aliquoties
1116 1973 1312 2056 insylvetieis
1326 1979 1458 2038 siccius-

445 2089 542 2162 eulis,
570 2091 752 2170 praesertim
781 2091 814 2146 in
839 2087 954 2168 pinetis
981 2090 1098 2146 viarum
1123 2105 1231 2150 eomes
1251 2101 1311 2148 ete
1331 2102 1458 2170 reperte

445 2200 512 2262 fuit.
554 2199 654 2276 Julio,
676 2201 829 2282 Augusto.

736 2405 763 2455 C.
794 2403 1164 2454 utmttot’onss.

525 2555 605 2598 oss.
647 2535 800 2596 Familiam
821 2535 959 2607 benere,
996 2534 1221 2598 characteribus
1247 2540 1296 2596 vix
1320 2540 1380 2598 nisi
1399 2555 1457 2598 tte·

446 2651 551 2730 getivis
571 2651 720 2721 innixum
743 2651 880 2710 terminis
900 2653 932 2708 in
954 2647 1092 2710 eoniinio
1113 2652 1294 2729 praesertim
1313 2647 1457 2708 Certina-

446 2763 580 2832 rt'nrum,
603 2761 825 2844 Myrneuarum
845 2779 883 2820 no
902 2759 1133 2840 Omphaliorum
1148 2779 1256 2840 perum
1272 2763 1365 2820 certis
1378 2779 1455 2822 eon·

445 2877 552 2945 sineri,
574 2877 655 2932 inter
675 2893 784 2933 omnes
805 2887 938 2933 constet.
968 2872 1072 2953 Atque
1090 2871 1152 2932 htic
1173 2871 1247 2932 iliud
1259 2873 1457 2952 potissimum

446 2999 587 3065 spectat,
612 2983 695 3065 quod
716 2985 862 3065 exemplis
881 2981 959 3044 inim
979 2983 1188 3063 compluribus
1209 2981 1456 3045 confirmandum

444 3099 476 3155 in
497 3099 672 3156 universum
700 3095 759 3176 jeut
776 3115 1047 3176 praemonemus,
1080 3093 1313 3178 Gymnoporium
1336 3097 1457 3156 scilieet

420 3225 624 3280 pomerum,
657 3209 683 3268 si
703 3206 762 3268 veli
782 3213 814 3266 in
832 3206 1005 3290 junioribus
1025 3211 1115 3266 etiem
1138 3211 1312 3288 praesentis
1340 3207 1457 3288 (prout

443 3339 500 3400 ptr
520 3322 589 3399 est)
616 3322 765 3380 rationem
792 3321 934 3390 iniretis,
963 3316 1046 3380 houd
1074 3336 1181 3399 purum
1202 3317 1454 3394 imminuendum,

447 3427 691 3492 Conirmriarum
726 3445 837 3492 contre
862 3429 1036 3512 eugendum
1063 3411 1133 3492 esse
1156 3461 1199 3478 -
1221 3449 1258 3492 se
1283 3449 1386 3491 versut
1412 3435 1455 3492 its

443 3547 524 3604 inter
544 3555 704 3626 utrumque
724 3543 836 3604 tributu
856 3545 1098 3624 proportionem
1117 3545 1291 3602 restitutum
1312 3545 1359 3603 iri.

678 3737 713 3814 s)
754 3731 945 3804 Rodii,
987 3727 1110 3820 rusi
1149 3747 1216 3791 etc.

521 3878 592 3958 465.
625 3880 664 3942 A.
695 3879 739 3942 G.
768 3882 989 3961 protensis.

719 3993 937 4062 monumentis

720 4101 748 4178 ὃ,
770 4101 913 4162 vitulinus

443 4215 543 4276 Totus
563 4213 674 4296 tangus
694 4231 879 4296 compactus
899 4215 994 4276 durus
1020 4231 1129 4296 pennu
1156 4213 1370 4286 succulentus,
1399 4209 1454 4272 iri-

443 4329 512 4406 gori
531 4324 604 4386 inde
624 4325 675 4386 diu
695 4329 862 4402 resistens,
889 4330 1028 4388 autumni
1048 4329 1178 4388 serotini
1196 4345 1312 4388 mutus.
1354 4323 1454 4405 Stipes

444 4453 538 4518 ssepe
563 4436 731 4500 sdmodmn
759 4437 874 4514 breuis.¹
919 4439 1039 4502 Mistitn
1066 4441 1211 4521 provenit
1238 4451 1366 4520 utruque
1388 4455 1451 4499 ver.
