3528 5482
1293 731 1347 799 XI

336 924 479 1002 Trichia
505 927 667 1021 serpula.
729 931 777 996 In
805 916 955 1022 quibus*
974 927 1155 1000 omnibus
1186 929 1347 1003 nomina

332 1061 517 1151 trivialia,
547 1061 696 1134 etiamsi
718 1062 847 1134 minus
864 1061 1004 1136 idonea
1021 1063 1112 1136 hinc
1137 1065 1228 1138 inde
1243 1067 1347 1140 vide·

331 1215 484 1286 rentur,
511 1199 716 1271 immutare
732 1222 902 1270 summae
924 1199 1128 1273 habuimus
1152 1202 1344 1299 religioni,

331 1357 454 1443 neque
469 1333 510 1405 id
528 1337 672 1429 peccati
699 1333 778 1405 nisi
796 1335 853 1406 bis
870 1352 975 1407 terve
998 1336 1224 1408 invitissimi
1241 1363 1345 1410 com·

331 1469 508 1542 misimus
518 1497 530 1554 3
567 1471 671 1542 haud
702 1469 848 1566 ignari,
891 1489 1080 1566 quantum
1110 1472 1203 1544 inde
1236 1473 1346 1544 detri-

331 1606 454 1678 menti
494 1631 562 1701 per
599 1606 946 1679 accumulationem
981 1607 1346 1705 intricationemque

331 1741 824 1842 synonymorumlristoria
849 1743 1034 1816 naturalis
1053 1743 1233 1816 universa
1251 1717 1345 1835 jam·

332 1876 479 1948 dudum
501 1877 641 1973 ceperit
657 1896 770 1974 atque
784 1879 827 1950 in
847 1879 926 1952 dies
943 1903 1073 1975 capere
1088 1898 1230 1978 pergat.

404 2017 560 2101 Restat,
586 2029 630 2086 ut
654 2001 701 2086 de
725 2016 931 2102 icunculis,
960 2015 1098 2110 quibus
1124 2015 1340 2111 operisuti·

329 2149 481 2222 litatem
497 2174 723 2244 promovere
742 2151 982 2238 studuimus,
1011 2175 1105 2245 quae
1132 2153 1344 2223 necessaria

329 2285 529 2374 videntur,
566 2287 758 2360 addamus.
812 2294 859 2360 In
883 2285 1022 2383 quibus
1047 2285 1280 2358 edomandis
1304 2285 1345 2372 id

329 2420 574 2517 potissimum
590 2425 834 2520 propositum
859 2421 955 2509 fuit,
983 2439 1026 2493 ut
1051 2421 1260 2518 specierum
1277 2447 1345 2494 no·

224 2575 227 2580 '
330 2551 484 2644 varum,
512 2577 551 2632 et
568 2561 735 2656 apprime
752 2560 908 2656 quidem
926 2583 1065 2644 eartrm,
1092 2585 1188 2655 quae
1206 2585 1226 2630 e
1242 2559 1343 2630 merei

332 2693 588 2790 descriptione
615 2698 749 2795 agnitu
773 2693 1016 2768 difficiliores
1043 2712 1192 2782 essent,
1230 2719 1344 2789 quam

330 2832 514 2926 plurimas
553 2832 597 2904 in
635 2816 843 2930 angustum
881 2832 1085 2905 duodecim
1125 2830 1343 2908 tabulamm

329 2970 508 3063 spatium,
535 2993 587 3046 ne
601 2969 726 3040 nimio
741 2969 890 3040 veniret
904 2968 1081 3053 libellus,
1110 2990 1341 3064 cogeremus.

329 3111 452 3202 Quare
478 3123 515 3176 et
539 3105 585 3176 ab
606 3107 775 3203 Agaricis
801 3105 962 3200 aliisque
978 3102 1112 3203 fungis
1130 3102 1340 3194 majoribus

329 3242 459 3312 locum
477 3241 552 3313 sibi
569 3242 792 3344 ampliorem
810 3239 1056 3336 poscentibus
1070 3239 1223 3334 (paucis
1241 3263 1343 3311 exce·

327 3376 428 3470 ptis)
446 3401 604 3450 manum
623 3377 832 3464 abstinere,
860 3395 898 3448 et
912 3377 956 3446 iu
974 3375 1140 3473 singulis
1164 3374 1342 3448 iconibus

329 3513 480 3603 analysi
494 3513 681 3585 curatiore
704 3511 1002 3610 perfectioraque
1023 3499 1287 3606 praetermissi
1301 3535 1342 3582 ea

327 3649 547 3744 praecipue,
585 3674 679 3744 quae
705 3651 754 3722 ad
775 3649 1003 3743 ipsissimam
1032 3647 1243 3743 specierum
1268 3646 1343 3720 dia·

328 3784 478 3882 gnosiu,
503 3786 668 3857 niaxime
699 3783 822 3856 facere
857 3748 1100 3890 uiderentur,
1153 3783 1341 3855 delineare

328 3921 552 3993 consultum
589 3921 803 4026 habuimus.
875 3925 925 3990 Et
957 3920 1127 4013 exempla
1173 3919 1341 4015 quidem,

327 4074 516 4150 quantum
538 4055 626 4127 fieri
650 4057 797 4151 potuit,
830 4055 995 4128 recentia
1020 4073 1133 4151 atque
1155 4055 1198 4125 in
1213 4056 1341 4126 medio

238 4269 243 4278 ,
327 4178 458 4264 aetatis
489 4191 590 4264 flore
621 4193 767 4288 posita,
810 4193 852 4262 in
888 4191 1193 4268 adumbrationis
1226 4214 1340 4262 usum

327 4328 555 4425 selegimus:
583 4327 624 4400 in
642 4327 773 4423 paucis
792 4346 919 4399 tamen
938 4329 1000 4398 vel
1015 4325 1244 4398 Herbarium
1264 4351 1341 4419 my·

237 4479 240 4486 “
326 4464 544 4563 cologicum
584 4465 748 4551 siccum,
797 4461 1010 4560 fungorum
1049 4462 1340 4536 asservabilium
