3574 5486
445 670 503 743 eol,
682 628 690 651 Ι
857 699 1034 716 ---

445 847 635 916 termixttun,
664 843 791 902 nomine
814 837 1027 922 champignon
1053 841 1226 921 insignitam
1244 861 1356 904 venum
1376 843 1457 906 lette

294 1321 296 1328 ¹
422 1370 426 1379 ι
442 1305 632 1352 eulunmutn.

444 956 548 1018 solent
562 953 733 1016 ruricolae:
755 955 904 1033 sparsim,
927 951 985 1012 sed
1000 950 1082 1010 haud
1098 950 1329 1034 infrequenter,
1350 959 1384 1015 in
1398 961 1458 1017 οὐ

443 1072 541 1142 cetis,
577 1084 668 1128 seem
694 1067 845 1146 margines
879 1061 1031 1145 sylvarum
1065 1067 1158 1145 inque
1192 1066 1285 1147 sylvis
1319 1072 1457 1131 aceresia

443 1183 520 1261 ipsis
541 1187 746 1240 crescentem.
789 1175 852 1236 Sub
872 1173 968 1238 linem
989 1181 1113 1239 aestatis
1133 1191 1167 1240 et
1184 1175 1258 1238 inde
1277 1197 1337 1259 per
1356 1193 1457 1241 totum

521 1401 591 1484 ⁵9²·
624 1401 664 1464 A.
695 1401 731 1462 P.
761 1401 1015 1480 campestris.
1218 1354 1237 1404 ’θ

718 1533 751 1586 α,
774 1511 950 1591 campestris

717 1621 754 1699 β,
773 1624 944 1704 vaporatio

443 1735 543 1816 Stipes
563 1739 595 1796 in
616 1757 648 1807 u,
673 1736 873 1816 utplurimum
901 1734 1023 1797 brevis:
1054 1747 1190 1794 attamen
1215 1747 1249 1796 et
1275 1734 1316 1795 ad
1336 1745 1457 1816 2-2}

441 1867 515 1908 unc.
537 1847 725 1928 productum
746 1849 930 1908 invenimus.
972 1847 1121 1906 Occurrit
1138 1845 1218 1907 haec
1237 1846 1329 1909 nobis
1343 1851 1375 1906 in
1389 1869 1458 1908 um·

442 1957 545 2022 brosis
571 1978 668 2040 ecque
689 1978 727 2018 ac
745 1961 860 2039 apricis
889 1961 1004 2037 passim
1033 1972 1193 2020 autumno.
1241 1959 1315 2018 Ver.
1333 1957 1369 2034 β,
1392 1973 1455 2020 sta·

443 2069 529 2147 tuti,
558 2069 658 2142 formis
679 2084 712 2130 et
732 2070 840 2131 colore
870 2068 1067 2130 choeolatino
1089 2069 1251 2142 distincta,
1280 2075 1371 2132 etiem
1389 2091 1456 2133 uts-

442 2185 488 2264 gis
514 2201 695 2264 squamosa,
731 2185 765 2241 in
790 2185 910 2243 cortice
938 2184 1100 2262 vaporatio
1129 2179 1225 2258 (Scor
1250 2179 1460 2262 Lolsgmbsnr·

442 2293 614 2354 Hemonns
634 2288 837 2383 Lolthausen)
864 2307 1038 2373 spontanee
1065 2296 1228 2374 provenit,
1254 2299 1327 2356 site
1348 2294 1455 2376 pluvio

442 2408 516 2468 setis
535 2403 692 2487 frequens.
732 2406 811 2486 Aug.
833 2407 921 2484 Sept.

450 2535 455 2543 ·
519 2515 590 2598 593.
622 2515 662 2578 A.
690 2517 726 2578 P.
756 2516 960 2578 echinata.

716 2625 778 2705 ββ,
802 2629 922 2687 inermis

442 2739 581 2820 Fungusn
600 2739 776 2820 ambigumu
795 2739 833 2800 atl
850 2739 1029 2800 Amneitnm
1047 2740 1206 2820 uirgarum
1224 2739 1330 2801 fortan
1349 2743 1453 2802 uasta·

441 2870 565 2940 semus,
595 2855 622 2912 si
641 2852 746 2912 volvae
772 2855 933 2932 vestigium
961 2849 1009 2912 vel
1026 2855 1194 2912 minimum
1222 2851 1364 2914 adesset:
1394 2852 1455 2933 qut

443 2959 627 3036 deficiente,
663 2962 716 3023 hic
744 2967 850 3045 utique
877 2963 985 3037 locus,
1019 2967 1052 3023 ni
1084 2967 1244 3044 propthm
1272 2964 1453 3043 praenitens

443 3077 599 3153 speciem,
634 3077 707 3136 satis
736 3072 903 3136 commode
932 3079 961 3136 ei
988 3079 1134 3157 assignati
1159 3093 1257 3156 posse
1280 3079 1364 3138 visus
1383 3075 1452 3138 luit.

443 3184 543 3246 Pilees
566 3207 633 3247 t-
647 3195 684 3264 t}
709 3205 782 3246 unc.
813 3187 909 3260 latus,
937 3192 1058 3262 tenuis,
1093 3187 1325 3260 subcamosus,
1353 3187 1454 3250 heml-

442 3296 641 3377 sphaericus,
663 3299 756 3359 veluti
776 3299 1029 3387 pulverulentus,
1051 3303 1186 3381 squamis
1202 3283 1354 3380 adpressit
1372 3301 1454 3360 iner-

441 3408 543 3490 mibus
569 3428 588 3470 e
615 3413 741 3470 cinereo
769 3411 817 3471 vel
844 3409 989 3492 iuligiueo
1020 3410 1116 3474 luscis
1143 3411 1310 3492 aequaliter
1337 3425 1450 3483 tectus,
1492 3422 1497 3435 ¹

441 3517 618 3580 ruembruni
645 3521 814 3584 concolora
843 3522 943 3583 laceri
971 3524 1089 3582 circum
1114 3525 1280 3602 marginem
1300 3519 1452 3602 appendi-

442 3630 571 3693 culatus.
620 3631 776 3692 Lemellne
803 3632 981 3707 confertae,
1018 3652 1126 3694 versus
1151 3636 1288 3714 stipitem
1313 3633 1450 3707 tenores,

366 3785 373 3796 -
442 3743 498 3804 sed
519 3747 739 3826 etnarginstue,
767 3749 814 3805 vix
834 3744 984 3806 adnexae:
1013 3743 1145 3825 pulchre
1164 3743 1450 3834 minimo-rubrae.

443 3851 542 3936 Stipes
571 3870 672 3930 tetes,
700 3871 823 3932 rectus,
852 3856 1090 3930 subbiuncialis,
1118 3876 1138 3915 s
1158 3855 1211 3916 lin.
1241 3873 1381 3930 crassus,
1408 3855 1453 3917 la-

441 3965 540 4028 mellis
559 3980 646 4029 totus
666 3983 772 4032 erecte
793 3969 946 4030 concolor
965 3968 1043 4046 <uec
1062 3971 1276 4048 purpureus),
1299 3967 1356 4028 sed
1375 3965 1454 4028 inita

442 4077 586 4138 annuum
606 4080 824 4157 (obsoletum,
853 4080 1013 4162 fugacem)
1040 4079 1106 4142 lani
1126 4077 1264 4140 lloccosi
1284 4079 1369 4139 molli
1389 4079 1452 4140 tut

442 4188 638 4254 subdetersili
657 4191 741 4272 pileo
762 4191 933 4254 concolore
950 4191 1126 4253 obvolutus.
1166 4193 1241 4256 Non
1259 4189 1450 4272 infrequens,

439 4305 615 4382 gregarius,
637 4307 848 4384 caespitosus,
871 4307 979 4366 cortici
999 4307 1132 4366 coriario
1153 4302 1241 4381 (Seer
1255 4300 1452 4384 Loigraben)

441 4417 607 4476 mousom
625 4413 736 4498 longos
755 4429 866 4480 noster
885 4417 974 4500 Sept.
997 4417 1071 4480 Oct.
