3528 5482
337 1243 340 1260 ,
444 1149 712 1219 LECTORI
763 1147 1086 1219 BENEVOLO
1138 1149 1172 1220 S.

720 1449 900 1466 w

302 1699 436 1800 Peuce
464 1737 595 1811 eunt,'
618 1745 713 1818 quae
747 1721 795 1793 de
828 1723 953 1796 libelli
984 1723 1109 1796 nostri
1134 1723 1316 1796 instituto

302 1871 414 1950 atque
446 1853 614 1944 ratione,
657 1878 707 1929 ne
742 1857 827 1954 quis
869 1859 979 1952 pluro
1017 1858 1158 1946 aliove,
1201 1875 1317 1951 quem

301 1991 532 2064 inventurus
567 2008 644 2080 est,
679 1993 741 2064 hic
773 1994 950 2066 locorum
989 2009 1161 2088 quaeret,
1208 2015 1315 2086 prse-

301 2127 496 2198 monenda
521 2143 711 2221 putemus.

376 2261 578 2334 Botcnices
603 2263 708 2336 enim
725 2261 873 2336 deliciis
890 2262 1117 2354 jamdudum
1131 2263 1185 2334 ita
1204 2263 1316 2356 capti,

301 2412 348 2466 ut
381 2398 567 2492 temporis
604 2399 797 2472 subsecivi
830 2400 933 2470 haud
966 2400 1144 2496 exiguam
1169 2413 1316 2493 partem

301 2531 364 2620 illi
389 2531 660 2620 tribueremus,
690 2533 757 2606 ubi
778 2533 826 2605 ad
842 2533 1014 2606 studium
1029 2533 1316 2630 mycologicum

177 2731 187 2746 ,
302 2667 455 2738 tandem
483 2668 726 2754 devenimus,
769 2670 1032 2742 vastissimum
1060 2667 1179 2739 nobis
1214 2692 1314 2742 cam·
1402 2754 1405 2760 ι

301 2826 395 2898 pum
422 2819 459 2873 et
483 2827 504 2874 c
530 2802 722 2898 plerisque
747 2803 931 2910 hoctenus
953 2804 1171 2905 neglectum
1188 2820 1315 2896 patere

301 2935 415 3010 focile
441 2937 793 3014 animadvertimus.
848 2945 894 3010 In
922 2963 999 3035 quo
1025 2962 1096 3032 pro
1116 2937 1223 3010 virili
1248 2961 1317 3009 no·

302 3073 377 3144 sert
403 3074 614 3146 excolendo
643 3072 754 3146 annis
778 3075 927 3168 aliquot
943 3073 1123 3174 percotis,
1150 3097 1221 3167 ope
1236 3071 1316 3162 iam

300 3211 498 3306 Synopseos
521 3203 734 3307 fungorum
769 3233 789 3280 a
822 3213 1028 3295 Persoonio,
1073 3208 1158 3280 viro
1196 3208 1242 3278 de
1276 3231 1316 3278 re
1431 3227 1440 3256 ¹
1535 3199 1536 3204 ¹

300 3343 541 3440 mycologici
567 3344 744 3418 universi
761 3345 1034 3439 praecellenter
1055 3343 1213 3431 merito,
1240 3342 1318 3413 edi·

302 3494 362 3549 tae
391 3502 433 3548 ac
460 3503 480 3550 a
508 3478 729 3550 laetissimis
759 3497 956 3574 exceptae,
985 3479 1184 3552 c‘ertiorem
1205 3477 1315 3572 inpo-

203 3700 206 3714 ,
299 3629 444 3686 sterum
469 3613 572 3686 viam
598 3615 870 3718 monstrantis,
912 3615 1061 3712 egregie
1095 3614 1313 3686 sublevatos

299 3747 411 3820 etad
446 3749 520 3820 iter
555 3733 713 3821 electius
747 3750 983 3822 movendum
1020 3738 1205 3844 excitatos
1239 3771 1313 3822 nos

298 3883 510 3957 sensimust
543 3884 664 3981 magis
700 3883 815 3956 etiam
852 3886 985 3979 paullo
1020 3902 1110 3980 post
1135 3884 1226 3956 inde
1251 3884 1312 3956 in·
1409 3869 1412 3878 ¹

297 4017 446 4118 stigati,
493 4019 597 4114 quod
630 4019 776 4114 reliqua
817 4044 969 4115 quoque
1001 4023 1179 4092 Persoont'i
1222 4019 1314 4092 alio·

298 4177 460 4247 rumque
493 4153 787 4250 praecipuorum
821 4154 1061 4252 mycologiae
1086 4152 1310 4227 recentioris

298 4305 499 4360 auctorum
540 4327 590 4343 -
629 4287 837 4376 Schradert',
893 4291 1021 4375 Todei,
1073 4281 1311 4388 Hofsvnannt',

298 4423 499 4523 Hedwigii‚
530 4423 763 4524 Wultuingr',
793 4429 964 4498 Gc'e'rtnen'
988 4463 1039 4482 -
1066 4424 1206 4520 scripta
1224 4422 1313 4497 assi·
