3574 5486
353 739 355 746 ,
474 697 532 740 m
896 715 1074 740 --·—-.

516 911 521 929 ,
551 855 622 922 655.
655 856 696 922 Α.
730 857 773 920 0.
800 857 1072 940 Epichysium.

748 993 782 1046 n,
804 971 969 1032 communis

743 1080 783 1160 β,
808 1080 1014 1164 tornodopltiln

746 1213 801 1276 γγ,
822 1193 1015 1279 leucophyllc
1038 1247 1053 1260 ..

748 1303 794 1379 δδ,
816 1304 1042 1390 nonthnpltylln

472 1418 670 1482 Conveniunt
689 1436 768 1479 verr.
790 1417 849 1484 ltse
868 1437 979 1480 omnen
998 1422 1177 1494 teneritate,
1198 1417 1273 1502 pilei
1292 1419 1409 1496 iorni,
1431 1439 1488 1483 co-

471 1529 538 1592 lore
565 1535 728 1612 striieque,
761 1535 822 1594 situ
848 1529 1000 1610 (excepti
1019 1527 1077 1610 β,)
1104 1532 1246 1614 epixylo,
1275 1552 1376 1616 peene
1396 1537 1486 1594 etiem

470 1637 690 1724 megnitudine.
744 1641 807 1704 Sed
833 1635 980 1702 differunt
1007 1664 1040 1715 n,
1068 1619 1101 1704 tlt
1128 1641 1164 1720 β,
1194 1648 1278 1706 notis
1298 1649 1332 1706 in
1352 1643 1486 1728 Synopsi

471 1753 630 1816 indicetist
660 1773 715 1836 γγ,
744 1769 778 1840 et
798 1750 844 1829 it,
866 1755 983 1816 staturi
1008 1754 1050 1816 ed
1070 1775 1103 1829 u,
1131 1753 1196 1814 iere
1222 1756 1393 1830 recedunt,
1429 1757 1487 1819 sed

471 1865 587 1927 distent
613 1865 739 1926 lamellis
767 1865 976 1930 discoloribus
1001 1871 1042 1916 -ἒ-
1068 1865 1123 1926 illo
1147 1866 1274 1942 albidis,
1310 1867 1384 1928 boec
1405 1869 1485 1930 lute-

459 1977 630 2071 ‚scentibus
656 1979 802 2060 pileoque
830 1993 991 2060 praetores
1017 1978 1285 2062 subsqumnuloso.
1340 1982 1486 2044 Nascitur

470 2088 507 2168 β,
537 2094 569 2150 in
603 2090 760 2172 uliginosis
794 2091 978 2174 splmgnosis
1013 2095 1086 2153 setis
1119 2091 1266 2174 frequens
1298 2091 1483 2173 Septembri,

472 2177 623 2266 Octobri:
644 2203 779 2285 reliquae
800 2201 860 2282 (ii,
882 2205 993 2282 rarior)
1013 2208 1046 2264 in
1066 2205 1183 2264 truncis
1204 2207 1293 2266 retiis
1310 2203 1385 2268 hinc
1402 2205 1485 2269 illinc

469 2331 586 2380 testate
605 2330 638 2378 et
656 2331 821 2390 autumno,
851 2319 886 2378 in
903 2313 1115 2378 Novembrem
1136 2333 1246 2398 usqne.

549 2427 619 2508 654.
652 2430 691 2490 Α.
721 2429 763 2490 0.
791 2426 981 2508 Nigrelle.

471 2541 625 2604 Pulchelle
646 2545 781 2623 species.
824 2537 925 2599 Pileus
942 2543 976 2599 in
995 2541 1112 2620 nornis
1132 2538 1315 2621 plenunqne
1328 2542 1482 2620 unicolor,

468 2659 641 2739 nigricans,
661 2657 775 2716 nitens.
818 2650 920 2733 Stipes
940 2650 1170 2726 subconcolor,
1196 2651 1340 2728 dilutior,
1361 2654 1485 2736 glauce·

470 2789 575 2833 scene.
625 2765 783 2828 Lemellae
810 2763 959 2845 pellidee,
988 2763 1113 2824 demum
1140 2763 1351 2828 subcinereee.
1392 2767 1485 2830 sunt

468 2881 539 2947 loce
558 2883 729 2962 graminoso
757 2875 940 2939 sicciuscule
959 2880 1065 2956 sprice
1084 2876 1133 2938 vel
1153 2875 1359 2940 subumbross
1378 2878 1429 2956 (v.
1450 2898 1482 2962 g.

469 2989 577 3054 Daulis
596 2989 777 3072 Holrplntrr
803 2986 1038 3057 Hrittrt'cltsntltr
1066 2987 1225 3050 Mobolzsr
1245 2987 1366 3070 fluide)
1394 2991 1481 3072 Sept.

469 3119 502 3166 et
520 3124 608 3185 seqtp

546 3212 617 3276 655.
649 3214 690 3276 A.
725 3214 766 3273 Ο.
795 3210 968 3274 Serrule.

744 3346 776 3396 n,
797 3321 987 3408 squamulosn

742 3433 803 3514 ββ,
823 3432 938 3515 glabra

469 3549 569 3614 Color
602 3547 754 3632 pulcher,
787 3563 856 3608 etro
873 3581 889 3594 ·
907 3546 1072 3612 coeruleus
1106 3545 1172 3608 iere
1207 3549 1481 3629 (enementnsus).

467 3661 636 3744 Discrepnt
654 3659 716 3740 ββ,
738 3661 822 3741 pileo
842 3658 949 3743 glebro
971 3663 1127 3722 teneriore
1142 3660 1395 3743 semipellttcente
1409 3659 1484 3724 sub·

467 3753 588 3840 senio.
650 3777 789 3858 Utroque
821 3773 972 3856 percote
1007 3769 1219 3851 (stetten,-
1254 3773 1330 3834 tote
1364 3771 1482 3842 tinae.-

321 3965 330 3984 ,
468 3888 589 3966 Herbe)
609 3887 689 3950 locis
709 3887 912 3959 siccioribus,
946 3886 1002 3949 sed
1023 3905 1133 3967 perum
1152 3883 1311 3968 frequent.
1352 3886 1442 3966 Sept.
1535 3947 1544 3960 ,

544 3999 615 4062 666.
649 4001 688 4061 A.
719 4001 759 4062 Ο.
789 3998 1056 4081 amethyston.

620 4123 625 4130 '
743 4133 776 4184 u,
799 4111 987 4194 amethysten

740 4219 776 4298 β,
799 4225 911 4284 ineam

465 4333 644 4395 Admodum
665 4353 826 4406 veremur,
849 4349 884 4396 ut
903 4337 1028 4416 speeies
1051 4331 1275 4415 praecellenter
1294 4327 1424 4414 pulchre
1441 4329 1482 4393 eb

468 4445 507 4508 0.
522 4440 692 4534 senoreti
711 4445 831 4528 „jungi
851 4451 924 4510 setis
945 4461 1034 4534 certo
1060 4449 1172 4528 possit.
1214 4445 1379 4508 Cntesium
1399 4448 1482 4508 enim
