3468 5486
681 733 859 752 ...-
1203 697 1283 792 ⁴⁵²7

263 883 412 965 Exempla
432 883 559 964 reliquis
579 883 670 942 mima
695 879 882 962 quaudoque
903 893 1071 940 occurrunt
1091 893 1281 955 monstrosa,

264 1000 409 1070 maxima,
432 995 601 1056 admodum
622 993 785 1056 difformis.
832 991 941 1053 Colore
960 998 1054 1054 variat
1082 992 1209 1055 sordide
1236 993 1283 1054 lu-

265 1124 431 1183 tescente‚
469 1113 612 1182 cervino,
659 1106 849 1188 ferrugineo,
885 1109 1065 1187 nigricante.
1127 1107 1285 1169 Parciores

220 1257 228 1270 =
265 1222 378 1286 adsunt
398 1220 434 1298 β,
457 1243 489 1304 γ,
514 1217 541 1297 ὃ,
573 1221 626 1298 (in
655 1217 683 1295 δ,
713 1219 841 1300 cupidae
866 1219 941 1280 aliae
971 1217 1176 1302 cylindricae,
1210 1220 1285 1282 aliae
1349 1269 1355 1278 .

210 1377 214 1384 ·
266 1335 526 1415 subsphacricae)
561 1332 600 1393 ad
627 1351 730 1394 rasnos
765 1330 905 1413 dejectos
939 1346 999 1392 etc.
1034 1331 1285 1412 (Lebmgrnbnm

266 1447 344 1508 boire
364 1445 482 1515 Liada
504 1446 742 1527 Scin'ipswiesen5
766 1444 926 1506 Moboizer
947 1443 1069 1528 Hnirle).
1112 1446 1286 1518 Autumno,'

266 1559 395 1642 hyeme,
418 1579 499 1622 vere.

345 1693 413 1756 977.
445 1674 481 1734 P.
511 1672 655 1734 Rosae.

266 1787 365 1868 Saepe
386 1783 473 1847 valde
493 1799 670 1866 aggregata,
700 1797 798 1843 totum
820 1797 962 1844 mmcum
990 1783 1172 1858 obducens,
1201 1789 1294 1848 sicca·

267 1914 428 1981 corrugata
448 1918 485 1959 ac
506 1896 670 1958 difformis.
716 1895 852 1978 Crepulae
881 1910 966 1958 extus
991 1897 1094 1978 primo
1126 1897 1214 1960 valde
1235 1912 1283 1984 to-
1398 1871 1401 1877 ,

266 2025 447 2086 montosae,
488 2025 629 2071 tomento
656 2008 783 2070 sordide
812 2010 961 2090 spadicco
986 2042 1028 2056 -
1054 2009 1158 2091 quales
1192 2015 1294 2071 etiam*
1318 2059 1338 2097 ⁴.

267 2123 416 2186 describit
435 2123 468 2185 b.
491 2122 592 2198 Tude,
631 2143 723 2206 quem
744 2136 848 2182 tamen
868 2119 994 2181 subicuii
1018 2123 1198 2184 concoloris
1217 2141 1284 2183 non

161 2233 167 2242 ’
267 2239 445 2298 meminisse
466 2241 593 2296 omnino
614 2235 787 2296 mirandum
803 2249 861 2297 est.
890 2235 928 2294 In
945 2234 1027 2294 Rosci
1047 2234 1158 2293 carrina
1179 2234 1283 2312 (Titie-

267 2342 427 2436 mendorf5
449 2349 579 2429 Diebse)
600 2348 749 2431 vulgaris:
771 2353 804 2409 in
826 2349 863 2408 R.
886 2343 1046 2438 centifoiiri
1064 2350 1172 2410 rarior.
1207 2349 1296 2408 Per-·

265 2465 366 2526 annis.

345 2571 417 2656 978.
451 2575 486 2635 P.
514 2574 730 2656 poricides
756 2593 886 2637 noers.
985 2583 993 2590 “
1301 2567 1419 2621 TMI·

269 2689 305 2750 P.
329 2705 396 2748 tota
418 2689 523 2760 niuea,
554 2686 670 2770 capulis
698 2687 941 2766 hemisphaericis
967 2683 1086 2767 glabris
1107 2683 1195 2746 dense
1215 2707 1285 2746 eon·
1335 2664 1389 2732 5⁹⁵·

266 2801 377 2880 gestis,
400 2803 541 2880 margine
560 2802 692 2881 sparsis,
717 2799 912 2860 membranae
931 2816 1114 2859 tumemusoe
1134 2797 1284 2858 castalidas

267 2915 408 2994 margine
428 2912 569 2998 byssinae
596 2915 708 2995 passim
722 2907 880 3000 fibriiioso
892 2906 1096 3002 ·fimbrintae
1118 2913 1214 2972 semi·
1226 2914 1284 2972 im·
1401 2915 1409 2924 “

267 3048 380 3088 mersis.

348 3137 545 3214 Cavendum,
584 3159 624 3202 ne
661 3159 730 3201 cum
764 3140 860 3200 Poriri
894 3136 1016 3223 byssini
1045 3135 1174 3199 Sebrad.
1209 3139 1282 3219 spic.

267 3241 346 3334 pag.⁸
365 3271 432 3334 172.
458 3250 522 3334 173.
544 3251 606 3314 tab.
630 3252 659 3328 3,
687 3274 712 3314 s.
743 3251 969 3324 confundatur,
999 3248 1086 3332 cujus
1114 3254 1198 3312 iconi
1218 3255 1281 3333 pri-

267 3385 320 3426 mo
343 3365 453 3426 obtutu
474 3365 560 3426 haud
580 3365 725 3428 absimilis
746 3381 812 3428 est:
841 3365 1003 3448 genuinam
1030 3367 1110 3425 enim
1134 3358 1281 3444 proiecto

268 3483 348 3540 sistit
365 3480 516 3540 Pezizum.'
546 3478 682 3559 Cnpuiae
700 3482 854 3551 minutae,
875 3477 1137 3560 regularissimae,
1159 3497 1282 3537 eumor-
1371 3451 1379 3456 ι

267 3589 365 3673 phac,
388 3611 554 3666 carnosae,
577 3605 682 3652 exacte
703 3590 969 3672 hemisphaericae
990 3587 1201 3667 (nullomodo
1221 3609 1281 3649 nec

268 3702 524 3766 subtremellosae
551 3723 612 3764 nec
638 3705 837 3785 appianatae,
868 3719 902 3763 ut
921 3704 969 3764 uei
988 3701 1061 3763 inde
1082 3722 1099 3760 a
1120 3701 1158 3762 P.
1182 3701 1281 3760 caesiri

269 3797 402 3900 Synbps.
432 3837 466 3897 p.
489 3815 556 3896 657.
585 3816 700 3878 distare
731 3832 870 3879 nostram
904 3815 1004 3898 palam
1031 3818 1090 3894 sit)
1122 3805 1279 3890 nitidulae,

267 3927 372 4002 albae,
395 3927 468 3988 dein
490 3927 717 4011 subpalicntes:
747 3945 833 3991 extus
853 3927 911 3991 iilis
931 3927 1066 4011 byssinis
1086 3925 1283 3989 membranae

269 4045 426 4102 communi
445 4046 562 4124 passim
578 4039 685 4102 elimae
697 4029 791 4116 'stium
813 4044 904 4124 parte'
921 4044 1084 4123 superiore
1098 4040 1168 4122 pius
1180 4040 1283 4102 minus

267 4153 466 4236 prominente
499 4154 635 4237 glabellt.
685 4151 868 4216 Manbrona
902 4153 1133 4228 candidissima,
1169 4156 1280 4226 sericis,

268 4266 324 4327 sed
351 4280 453 4328 tamen
478 4267 685 4330 firmiuscuia:
714 4288 824 4347 margo
850 4287 933 4328 nunc
961 4263 1171 4348 subaequalis,
1199 4286 1282 4326 nunc
1343 4273 1348 4280 “

150 4391 154 4396 ·
268 4373 634 4444 fimbriato-laciniosus.
691 4383 835 4462 Legimus
848 4379 1024 4461 aliquoties
1051 4379 1191 4460 speciem
1219 4377 1281 4440 ele-

266 4481 419 4572 gantultm
439 4512 602 4574 raramque
621 4497 654 4556 in
674 4493 842 4556 corticibus
868 4493 1018 4576 lignisque
1039 4487 1177 4574 abiegnis
1196 4490 1283 4550 hinni
